2642 3925
331 259 423 324 Ep.
459 247 599 330 ιη]
763 259 994 309 EPIST.
1039 254 1138 308 'AD
1179 259 1512 308 ATTJCUM
1553 258 1699 308 xvz.
1746 265 1804 328 7.
1860 277 1867 292 ·
2094 263 2220 331 239

331 401 664 482 prudenter,
707 416 902 466 tamen
948 409 1239 494 ἀνεμέσηταΙ
1272 404 1422 480 sunt,
1467 408 1719 486 primum
1762 405 1924 485 quod
1968 406 2041 465 de
2087 415 2228 466 mea‘

331 507 615 564 sententia
670 518 801 565 acta
857 517 1006 575 sunt,
1064 507 1273 566 deinde
1331 508 1504 566 etiam
1560 507 1609 565 si
1661 517 1718 565 te
1773 516 2025 576 auctore,
2075 506 2219 581 quid

330 603 504 661 debet
533 604 632 678 qui
661 604 967 662 consilium
1000 604 1096 662 dat
1124 616 1415 682 praestare
1443 615 1667 681 praeter
1696 604 1907 663 fidem?
1981 622 2035 678 3.
2065 603 2218 663 Illud

329 699 598 758 admirari
626 703 764 759 satis
795 718 915 760 non
944 702 1122 778 potui,
1154 702 1312 778 quod
1351 702 1627 779 scripsisti
1660 702 1750 760 his
1779 701 1999 759 verbis:
2031 701 2217 759 ‘bene

328 798 500 873 igitur
528 807 606 868 tu,
637 798 735 875 qui
764 801 1083 871 εὒθὰνωίαν,
1113 800 1262 858 bene
1300 799 1559 876 relinque
1597 799 1882 876 patriam!
1965 798 2061 856 An
2101 816 2215 874 ego

328 894 725 971 relinquebam
762 906 861 954 aut
899 896 1003 955 tibi
1044 905 1166 955 tum
1208 897 1530 972 relinquere
1573 897 1843 955 videbar?
1885 905 1948 955 tu
1987 895 2047 955 id
2092 914 2215 954 non

329 992 511 1050 modo
559 1009 681 1050 non
728 994 1095 1069 prohibebaS,
1135 1012 1333 1053 verum
1382 995 1555 1053 etiam
1598 993 1981 1069 adprobabaS.
2066 992 2217 1052 Gra«

328 1090 505 1162 viora,
535 1109 684 1168 quae
725 1101 975 1150 restant:
1008 1097 1022 1122 ‘
1040 1092 1209 1151 velim
1250 1097 1472 1165 σχόλιον
1501 1090 1740 1169 aliquod
1767 1090 1966 1149 elimes
1995 1091 2069 1149 ad
2099 1109 2213 1162 me,

330 1188 654 1264 oportuisse
681 1198 739 1246 te
778 1189 926 1247 istuc
966 1188 1190 1248 facere?
1274 1190 1460 1261 Itane,
1491 1190 1570 1248 mi
1601 1189 1831 1247 Attice?
1874 1188 2214 1247 defensione

333 1297 464 1360 eget
489 1304 689 1344 meum
717 1285 951 1356 sactum,
981 1287 1319 1362 praesertim
1350 1286 1506 1363 apud
1544 1296 1615 1357 te,
1648 1287 1746 1362 qui
1787 1286 1846 1344 id
1884 1286 2214 1343 mirabiliter

330 1383 703 1460 adprobasti?
786 1384 922 1461 Ego
959 1403 1097 1443 vero
1135 1386 1311 1443 istum
1352 1387 1708 1458 ἀπολογισμὸν
1749 1386 2078 1456 συντάξομαι,
2111 1383 2215 1443 sed

333 1481 409 1539 ad
449 1499 652 1540 eorum
695 1482 963 1558 aliquem,
994 1483 1204 1558 quibus
1245 1483 1435 1540 invitis
1477 1493 1533 1541 et
1575 1481 2038 1539 dissuadentibus
2082 1498 2214 1557 pro-⁴

332 1577 515 1638 sectus
556 1597 717 1638 sum:
768 1580 875 1637 etsi
916 1580 1055 1655 quid
1097 1580 1212 1637 iam
1254 1597 1404 1655 opus
1447 1589 1535 1637 est
1575 1579 1820 1654 σχολίῳΡ
1862 1580 1912 1637 si
1953 1589 2216 1655 persevess⁴

332 1693 569 1747 rassem,
612 1694 764 1752 opus
820 1675 1035 1735 fuisset.
1122 1677 1224 1734 ‘At
1272 1676 1387 1735 hoc
1435 1676 1627 1752 ipsum
1675 1693 1798 1733 non
1847 1675 2213 1734 constanter!

333 1773 531 1832 Nemo
587 1775 793 1833 doctus
846 1775 1388 1852 umquam—multa
1445 1785 1635 1832 autem
1695 1774 1767 1831 de
1821 1773 1936 1833 hoc
1999 1792 2216 1850 genere

335 1872 550 1949 scripta·
609 1876 1207 1932 sunt—mutationem
1271 1873 1497 1932 consilii
1566 1871 2013 1954 inconstantiam
2073 1872 2216 1932 dixit

334 1987 479 2032 esse.
579 1992 633 2045 4.
690 1965 984 2047 Deinceps
1041 1973 1211 2046 igitur
1265 1971 1447 2029 haec:
1507 1975 1679 2027 ‘nam
1735 1969 1783 2027 si
1846 1987 1882 2026 a
1947 1968 2215 2030 Phaedro

336 2081 537 2128 nostro
566 2080 736 2141 esset,
767 2070 1035 2146 expedita
1061 2069 1361 2131 excusatio
1389 2080 1575 2126 esset:
1620 2085 1776 2125 nunc
1805 2066 1945 2142 quid
1971 2086 2214 2145 respon-

337 2167 543 2226 demus
564 2166 611 2227 ?’
643 2186 785 2244 ergo
813 2167 873 2227 id
902 2178 1025 2226 erat
1052 2185 1247 2226 meum
1277 2166 1509 2237 factum,
1540 2165 1698 2243 quod
1729 2165 1940 2224 Catoni
1968 2168 2216 2242 probare

335 2282 456 2323 non
478 2266 754 2341 possem?
784 2265 985 2341 flagitii
1006 2265 1219 2324 scilicet
1247 2264 1485 2340 plenum
1514 2277 1569 2323 et
1599 2264 1918 2322 dedecoris.
1976 2263 2216 2323 Utinam

335 2380 371 2420 a
411 2362 602 2437 primo
643 2363 722 2421 ita
764 2363 864 2421 tibi
904 2372 1057 2422 esset
1098 2364 1324 2421 visum?
1381 2373 1443 2420 tu
1485 2362 1642 2432 mihi,
1687 2362 1833 2421 sicut
1875 2380 2001 2420 esse
2045 2362 2215 2434 soleS,

335 2459 541 2518 fuisses
597 2459 763 2519 Cato.
857 2474 913 2534 5.
975 2459 1315 2518 Extremum
1373 2460 1509 2518 illud
1567 2458 1656 2517 vel
1711 2459 2215 2519 molestissimum:

337 2562 351 2588 ‘
371 2575 511 2615 nam
551 2556 760 2616 Brutus
802 2567 1001 2643 noster
1042 2556 1203 2628 silet‚'
1232 2556 1347 2616 hoc
1389 2567 1493 2627 est,
1538 2576 1660 2616 non
1703 2557 1876 2615 audet
1917 2557 2216 2616 hominem

323 2654 393 2712 -id
448 2654 650 2713 aetatis
704 2673 962 2714 monere.
1047 2654 1223 2714 Aliud
1277 2655 1416 2713 nihil
1471 2655 1680 2726 habeo,
1731 2654 1890 2730 quod
1944 2654 2014 2712 iis
2069 2673 2104 2712 a
2159 2666 2215 2713 te

323 2752 523 2810 ‘verbis
579 2753 885 2828 significari
915 2762 1156 2829 putem,
1199 2763 1256 2810 et
1302 2753 1532 2811 hercule
1581 2753 1660 2811 ita
1709 2763 1812 2810 est.
1896 2749 2053 2808 Nam
2100 2770 2215 2811 xm.

316 2849 468 2908 ·Kal.
515 2848 671 2926 Sept.
717 2868 853 2908 cum
894 2851 1195 2908 -venissem
1244 2849 1489 2919 Veliam,
1533 2848 1745 2906 Brutus
1793 2848 2036 2919 audivit;
2095 2861 2217 2908 erat

317 2948 489 3006 ³enim
546 2966 680 3007 cum
715 2948 856 3007 -suis
912 2949 1152 3007 navibus
1206 2948 1363 3026 apud
1429 2946 1700 3004 Haletem
1764 2946 2019 3016 fluvium,
2075 2948 2221 3008 citra

319 3043 565 3102 -Veliam
617 3040 773 3101 milia
810 3060 1092 3120 passuum
1131 3063 1242 3116 1113
1288 3043 1536 3120 pedibus
1586 3044 1660 3101 ad
1710 3062 1805 3102 me
1854 3043 2078 3102 statim:
2122 3044 2217 3102 dei

313 3139 703 3212 :immortales
746 3159 923 3217 quam
963 3142 1125 3209 valde
1167 3141 1258 3199 ille
1301 3141 1486 3199 reditu
1526 3141 1615 3198 vel
1656 3141 1863 3215 potius
1893 3142 2216 3201 reversione

334 3255 467 3296 mea
507 3238 749 3298 laetatus
790 3239 990 3298 effudit
1032 3240 1127 3297 illa
1166 3241 1380 3308 omnia,
1412 3258 1560 3315 quae
1602 3247 1856 3298 tacuerat
1876 3241 1898 3297 l.
1925 3249 1988 3297 ut
2025 3258 2216 3299 recor.-

336 3336 501 3394 darer
556 3337 694 3395 illud
752 3347 915 3395 tuum
957 3340 1132 3394 ‘nam
1188 3335 1399 3395 Brutus
1455 3346 1654 3394 noster
1711 3335 1873 3394 silet!
1957 3335 2218 3396 Maxime

337 3443 532 3492 autem
600 3435 835 3493 dolebat
896 3452 991 3492 me
1059 3433 1191 3492 Kal.
1251 3433 1404 3493 Sext.
1463 3433 1523 3492 in
1578 3445 1786 3494 senatu
1841 3451 1962 3492 non
2026 3434 2218 3497 fuisse.
