2642 3925
462 238 587 304 208
1016 252 1095 304 M.
1145 250 1385 300 Τυαιι
1425 251 1630 300 crem
1638 252 1803 304 oms
1958 279 1959 282 =
2093 239 2230 323 [rm
2252 253 2346 307 w.

460 409 723 482 consilio,
765 409 870 470 sed
909 409 1083 469 etiam
1125 428 1221 468 me
1262 420 1515 480 auctore,
1555 418 1645 469 est
1684 409 1993 486 profectus,
2072 408 2188 468 Cui
2228 409 2346 486 ego

459 508 1032 567 commendationem
1066 525 1187 565 non
1226 525 1358 565 sum
1396 505 1695 584 pollicituS,
1723 525 1847 566 non
1874 508 2015 584 quin
2051 525 2183 566 eam
2210 505 2347 564 vali-

459 615 648 664 turam
676 606 833 682 apud
869 614 926 663 te
962 605 1277 675 arbitrarer,
1307 605 1412 681 sed
1438 623 1630 684 neque
1658 624 1829 682 egere
1863 605 2008 664 mihi
2044 623 2347 664 commen-

458 702 695 762 datione
722 703 1035 774 videbatur,
1066 702 1165 778 qui
1192 713 1250 761 et
1277 702 1339 759 in
1371 702 1525 761 bello
1561 713 1754 761 tecum
1782 703 1984 763 fuisset
2021 713 2080 762 et
2106 707 2347 782 propter

458 800 801 859 memoriam
830 799 1026 859 Crassi
1054 799 1128 869 de
1156 801 1269 858 tuis
1296 817 1449 859 unus
1477 810 1648 872 esset,
1678 812 1752 871 et,
1781 802 1831 860 si
1857 801 1941 859 uti
1967 800 2346 859 commenda·

455 897 715 958 tionibus
748 897 932 968 vellet,
963 898 1136 956 etiam
1173 916 1278 974 per
1314 897 1461 956 alios
1498 915 1633 956 eum
1660 899 1927 957 videbam
1965 898 2025 956 id
2062 897 2347 973 consequi

462 1013 670 1073 posse;
712 995 1107 1054 testimonium
1134 996 1252 1052 mei
1279 995 1355 1053 de
1382 1013 1457 1054 eo
1484 995 1695 1067 iudicii,
1723 996 1886 1073 quod
1912 1005 1970 1056 et
1991 997 2115 1075 ipse
2143 997 2347 1071 magni

460 1094 804 1155 aestimabat
829 1103 888 1151 et
914 1110 1028 1167 ego
1063 1091 1221 1168 apud
1246 1100 1303 1150 te
1330 1094 1519 1152 valere
1557 1110 1714 1153 eram
1743 1104 2032 1171 expertuS,
2060 1095 2115 1153 ei
2141 1093 2348 1152 luben·

461 1200 549 1250 ter
585 1191 736 1250 dedi.
820 1208 875 1264 4.
918 1190 1173 1261 Doctum
1214 1190 1386 1265 igitur
1412 1190 1715 1249 hominem
1756 1192 2007 1268 cognovi
2049 1202 2105 1251 et
2144 1190 2348 1250 studiis

459 1290 703 1366 optimis
744 1273 1021 1358 deditum,
1063 1288 1239 1365 idque
1280 1307 1317 1346 a
1357 1307 1576 1366 puero:
1619 1308 1758 1348 nam
1800 1291 1961 1350 domi
2001 1309 2169 1350 meae
2210 1308 2349 1348 cum

462 1387 724 1446 Diodoto
755 1386 972 1457 StoicO,
999 1386 1236 1445 homine
1263 1405 1400 1446 meo
1429 1388 1644 1447 iudicio
1673 1389 2074 1460 eruditissimo,
2096 1388 2349 1446 multum

463 1504 501 1547 a
527 1502 709 1562 puero
737 1484 875 1543 fuit:
917 1501 1073 1543 nunc
1110 1494 1321 1555 autem,
1351 1485 1624 1544 incensus
1660 1486 1852 1545 studio
1878 1504 2069 1545 rerum
2097 1495 2348 1556 tuarum,

462 1601 564 1643 eas
610 1582 810 1640 litteris
852 1580 1091 1640 Graecis
1138 1582 1419 1642 mandare
1468 1585 1751 1660 cupiebat.
1837 1583 2020 1643 Posse
2069 1585 2347 1649 arbitror:

462 1680 612 1740 valet
651 1680 923 1755 ingenio;
978 1678 1155 1738 habet
1196 1698 1403 1751 usum3
1458 1680 1577 1739 iam
1620 1681 1845 1757 pridem
1886 1675 1947 1738 in
2003 1667 2077 1740 eo
2131 1701 2350 1758 genere

464 1777 635 1838 studii
680 1777 1108 1852 litterarumque
1161 1787 1456 1849 versatur3
1512 1779 1651 1837 satis
1697 1778 1887 1837 facere
1936 1778 2357 1838 immortalitati

464 1874 700 1934 laudum
728 1884 954 1932 tuarum
984 1873 1313 1932 mirabiliter
1347 1875 1519 1952 cupit.
1604 1874 1809 1935 Habes
1846 1876 2141 1955 opinionis
2179 1895 2353 1935 meae

467 1973 876 2052 testimonium,
908 1972 1012 2030 sed
1053 1981 1115 2030 tu
1156 1971 1269 2030 hoc
1306 1971 1527 2031 facilius
1566 1972 1751 2032 multo
1790 1991 1898 2050 pro
1933 1982 2033 2032 tua
2073 1975 2351 2051 singulari

459 2070 769 2149 'prudentia
809 2071 1104 2130 iudicabis.
1185 2070 1264 2129 Et
1305 2081 1522 2143 tamen,
1563 2071 1728 2147 quod
1774 2089 2147 2147 negaveram,
2185 2089 2352 2131 com-⁶

465 2168 682 2227 mendo
711 2168 813 2227 tibi
840 2187 975 2228 eum
1002 2188 1015 2225 ε
1059 2168 1335 2246 quicquid
1361 2169 1415 2228 ei
1441 2168 1921 2242 commodaveris,
1943 2169 2050 2229 erit
2076 2170 2139 2230 id
2164 2171 2350 2229 maio·

463 2283 591 2327 rem
616 2265 765 2322 mihi
781 2265 842 2321 in
868 2265 1111 2323 modum
1137 2274 1384 2341 gratum.

858 2424 953 2480 98.
1035 2419 1151 2479 AD
1194 2420 1703 2481 FAMILIARES
1746 2420 1852 2481 IV.
1898 2436 1952 2496 5.

754 2532 887 2594 Sca.
930 2535 1193 2594 A‘rnzms
1233 2554 1422 2595 mum:
1461 2537 1674 2596 Anum
1713 2554 1881 2597 Α.υ.ο.
1926 2549 2062 2613 709.

1093 2659 1332 2702 szxvms
1368 2660 1636 2704 crcznom
1675 2658 1723 2702 s·

557 2774 607 2816 1.
647 2753 879 2814 Pos‘rm
906 2772 1084 2831 quam
1110 2754 1251 2813 mihi
1278 2757 1668 2814 renuntiatum
1696 2764 1786 2814 est
1812 2755 1886 2814 de
1913 2756 2076 2815 obitu
2103 2755 2351 2828 Tulliae,

467 2852 619 2912 filiae
645 2863 795 2923 tuae,
818 2871 958 2911 sane
985 2871 1161 2928 quam
1181 2870 1291 2930 pro
1318 2871 1393 2911 eo
1421 2870 1491 2912 ac
1518 2853 1693 2912 debui
1719 2853 1963 2929 graviter
1987 2853 2353 2931 molesteque

457 2950 571 3008 'tuli
615 2967 1103 3026 communemque
1152 2968 1283 3009 eam
1332 2950 1716 3009 calamitatem
1762 2950 2103 3021 existimavi,
2143 2951 2261 3028 qui,
2301 2951 2354 3010 si

468 3046 596 3106 istic
644 3046 971 3118 adfuissem,
1022 3064 1214 3122 neque
1261 3047 1365 3105 tibi
1423 3046 1734 3106 defuissem
1781 3065 2096 3124 coramque
2152 3065 2354 3107 meum
2393 3085 2399 3092 ·

467 3143 731 3202 dolorem
771 3143 874 3202 tibi
917 3143 1316 3203 declarassem.
1397 3142 1526 3202 Etsi
1565 3162 1752 3219 genus
1784 3143 1899 3204 hoc
1936 3144 2354 3204 consolationis

470 3243 747 3301 miserum
784 3251 957 3318 atque
994 3243 1267 3301 acerbum
1304 3252 1409 3314 est,
1437 3254 1746 3321 propterea
1773 3244 1926 3319 quia,
1955 3262 2056 3320 per
2091 3262 2243 3320 quos
2279 3262 2356 3309 ea

473 3339 712 3397 confieri
749 3340 922 3398 debet
952 3326 1339 3419 [propinquos
1377 3358 1447 3399 ac
1476 3335 1825 3421 familiares],
1855 3341 1893 3398 ii
1920 3341 2032 3416 ipsi
2058 3341 2183 3417 pari
2219 3358 2353 3399 mo·

471 3434 636 3494 lestia
691 3435 1031 3497 adficiuntur
1076 3446 1267 3516 neque
1319 3437 1446 3497 Sine
1495 3437 1749 3498 lacrimis
1796 3437 1988 3498 multis
2036 3437 2099 3497 id
2150 3441 2356 3503 conari
