2642 3925
453 208 541 295 56
930 277 933 282 ,
974 203 980 210 ’
1019 224 1114 276 Μ’
1135 221 1374 273 TULLII
1408 221 1610 274 orem
1617 219 1781 275 oms·
2107 205 2248 295 [Pan
2269 222 2337 273 11.

453 375 782 455 perturbati.
863 377 1166 441 Praeterea
1202 390 1337 441 sunt
1364 380 1651 457 quaedam
1689 372 2030 452 domestica,
2060 398 2208 457 quae
2246 363 2340 439 lit-⁶

454 478 591 537 teris
627 494 750 536 non
786 479 1103 539 committo,
1205 477 1282 552 Q.
1333 478 1568 538 fratrem
1607 479 1820 556 insigni
1855 477 2086 554 pietate,
2116 479 2338 548 virtute,

454 572 571 632 fide
597 575 920 650 praeditum
948 576 1033 636 sic
1059 594 1213 649 amo,
1235 586 1300 636 ut
1330 577 1537 636 debeo.
1621 575 1713 634 Te
1741 584 2018 651 exspecto
2046 583 2104 633 et
2130 591 2235 633 oro
2271 583 2337 633 ut

457 680 710 733 matures
747 673 942 732 venire
982 691 1173 751 coque
1213 675 1415 733 animo
1456 674 1671 744 venias,
1709 683 1777 732 ut
1814 690 1910 731 me
1951 681 2053 731 tuo
2095 672 2341 731 consilio

458 788 628 848 egere
648 788 771 830 non
793 771 971 831 sinas.
1051 772 1303 831 Alterius
1323 772 1472 831 vitae
1494 772 1795 849 quoddam
1814 771 2039 830 initium
2066 769 2343 828 ordimur.

457 865 585 925 Iam
608 866 865 944 quidam,
883 867 985 944 qui
1011 887 1124 928 nos
1151 871 1422 929 absentes
1451 870 1851 942 defenderunt,
1874 867 2158 945 incipiunt
2179 882 2345 941 prae-

461 964 721 1023 sentibus
769 964 998 1025 occulte
1046 966 1231 1039 irasci,
1277 976 1473 1044 aperte
1528 966 1813 1027 invidere:
1870 965 2240 1024 vehementer
2284 971 2345 1022 te

459 1061 823 1140 requirimus.

889 1229 983 1285 21.
1065 1223 1183 1285 AD
1223 1221 1733 1285 FAMILIARES
1773 1223 1821 1283 Ι.
1872 1241 1922 1284 1.

707 1336 839 1400 Sca.
881 1338 1100 1400 Rom
1141 1338 1339 1399 Imaus
1382 1339 1685 1399 Ianunns
1725 1356 1895 1399 mue.
1943 1338 2082 1415 698.

841 1462 904 1504 u.
946 1463 1150 1506 crcnno
1188 1462 1237 1505 s.
1256 1463 1312 1504 n.
1334 1463 1382 1504 P.
1428 1462 1700 1504 mrum
1740 1462 1968 1505 stocos,

556 1573 607 1620 1.
647 1555 781 1621 Eoo
804 1615 809 1620 ,
829 1560 994 1619 omni
1032 1560 1228 1619 officio
1266 1578 1337 1620 ac
1376 1560 1571 1636 potius
1611 1559 1825 1636 pietate
1864 1576 2005 1634 erga
2042 1565 2103 1617 te
2145 1556 2352 1617 ceteris

466 1658 605 1717 satis
633 1656 785 1716 facio
811 1658 1099 1730 omnibus,
1121 1658 1263 1717 mihi
1290 1658 1418 1734 ipse
1443 1674 1765 1735 numquam
1793 1657 1932 1716 satis
1959 1655 2149 1728 faci03
2189 1663 2352 1714 tanta

466 1756 624 1814 enim
664 1756 1007 1832 magnitudo
1045 1765 1134 1815 est
1169 1765 1403 1814 tuorum
1439 1773 1579 1831 erga
1604 1774 1700 1814 me
1719 1755 2076 1825 meritorum,
2102 1763 2183 1824 ut,
2212 1753 2353 1829 quia

466 1862 530 1911 tu
572 1853 683 1911 nisi
725 1852 978 1930 perfecta
1015 1871 1078 1912 re
1116 1852 1191 1912 de
1227 1871 1325 1912 me
1366 1870 1488 1912 non
1522 1853 1864 1929 conquiesti,
1891 1870 2023 1929 eg0,
2052 1852 2189 1929 quia
2224 1868 2352 1909 non

466 1950 623 2010 idem
649 1951 712 2010 in
739 1962 838 2011 tua
863 1968 1041 2012 causa
1065 1950 1270 2022 efficio,
1297 1950 1476 2010 vitam
1508 1949 1651 2008 mihi
1679 1968 1808 2009 esse
1836 1948 2107 2008 acerbam
2133 1956 2353 2024 putem.

468 2047 541 2109 In
570 2066 746 2108 causa
790 2049 936 2108 haec
984 2057 1156 2109 sunt:
1207 2047 1624 2121 Hammonius,
1668 2033 1838 2124 regis
1872 2047 2113 2123 legatus,
2156 2056 2354 2122 aperte

468 2145 719 2221 pecunia
743 2164 853 2205 nos
880 2156 1221 2223 oppugnat;
1263 2162 1358 2206 res
1396 2148 1584 2223 agitur
1611 2164 1718 2223 per
1744 2146 1985 2204 eosdem
2023 2144 2353 2216 creditores,

471 2261 578 2320 per
610 2261 781 2320 quos,
822 2262 958 2302 cum
989 2254 1055 2302 tu
1089 2245 1310 2315 aderas,
1347 2246 1642 2320 agebatur.
1726 2241 1909 2320 Regis
1950 2259 2126 2302 causa
2164 2241 2214 2300 si
2253 2241 2356 2317 qui

474 2351 611 2400 sunt
636 2341 738 2417 qui
765 2341 956 2411 velint,
984 2341 1084 2417 qui
1110 2340 1282 2418 pauci
1310 2349 1462 2411 sunt,
1489 2357 1698 2400 omnes
1735 2359 1861 2400 rem
1898 2339 1973 2398 ad
2008 2339 2357 2415 Pompeium

473 2438 681 2497 deferri
700 2436 935 2509 volunt3
964 2446 1198 2495 senatus
1213 2437 1508 2513 religionis
1530 2438 1881 2496 calumniam
1906 2454 2032 2496 non
2060 2436 2356 2512 religione,

474 2536 579 2595 sed
621 2532 1022 2593 malevolentia
1063 2542 1121 2591 et
1162 2531 1310 2592 illius
1351 2533 1543 2609 regiae
1582 2532 1904 2610 largitionis
1943 2532 2161 2591 invidia
2193 2549 2358 2590 com-

471 2635 700 2712 probat.
786 2650 844 2692 α.
889 2630 1235 2707 Pompeium
1277 2640 1336 2689 et
1371 2631 1583 2689 hortari
1612 2640 1669 2689 et
1696 2648 1879 2702 orare,
1914 2629 2090 2688 etiam
2125 2629 2361 2688 liberius

473 2737 744 2792 accusare
800 2739 860 2790 et
911 2746 1168 2798 monere,
1223 2739 1289 2787 ut
1343 2745 1617 2804 magnam
1659 2727 1957 2786 infamiam
1998 2726 2194 2802 fugiat,
2235 2744 2364 2784 non

474 2830 843 2901 desistimu83
887 2826 991 2887 sed
1027 2826 1199 2902 plane
1240 2843 1351 2884 nec
1387 2825 1654 2902 precibus
1691 2825 1905 2883 nostris
1945 2843 2055 2884 nec
2097 2825 2365 2884 admoni-

473 2929 728 2988 tionibus
754 2926 1023 3004 relinquit
1042 2925 1272 2985 locum:
1300 2942 1444 2982 nam
1464 2941 1597 2983 cum
1617 2924 1678 2982 in
1700 2940 1974 2982 sermone
2001 2923 2362 2998 quotidiano,

475 3038 600 3085 tum
647 3027 709 3085 in
756 3036 961 3085 senatu
1011 3024 1203 3100 palam
1252 3023 1337 3082 sic
1381 3024 1501 3098 egit
1544 3039 1781 3081 causam
1828 3031 2007 3092 tuam,
2056 3031 2123 3080 ut
2170 3038 2367 3095 neque

476 3123 811 3201 eloquentia
864 3124 1084 3181 maiore
1148 3121 1457 3198 quisquam
1511 3138 1621 3179 nec
1674 3120 1954 3195 gravitate
2007 3137 2119 3178 nec
2173 3118 2367 3177 studio

475 3240 587 3280 nec
625 3221 998 3279 contentione
1037 3237 1208 3295 agere
1245 3220 1514 3296 potuerit,
1544 3235 1679 3277 cum
1708 3235 1937 3276 summa
1964 3216 2368 3276 testificatione

477 3328 707 3376 tuorum
744 3318 807 3376 in
841 3334 905 3376 se
940 3317 1266 3376 officiorum
1300 3328 1362 3378 et
1403 3316 1616 3376 amoris
1654 3334 1793 3392 erga
1826 3326 1884 3374 te
1923 3315 2025 3374 sui.
2114 3312 2370 3373 Marcel-

477 3411 658 3471 linum
698 3411 802 3470 tibi
843 3428 972 3470 esse
1010 3410 1217 3469 iratmn
1258 3411 1402 3469 scis:
1443 3408 1494 3469 is
1547 3408 1656 3467 hac
1697 3410 1856 3485 regia
1896 3425 2077 3469 causa
2118 3417 2388 3489 excepta·
