2642 3925
427 254 509 326 52
599 251 678 304 M.
723 252 963 306 TULLII
1003 252 1378 304 CICERONIS
1418 252 1531 303 ΕΡ.
1574 249 1689 305 ΑΒ.
1733 247 1895 303 ΔΤΥ.
1938 251 2050 302 ΙΙΙ.
2095 254 2200 321 23·
2289 243 2294 248 ’

424 427 637 470 omnes
666 411 726 469 in
763 409 1104 488 abrogando
1138 416 1439 471 uterentur.
1522 408 1604 470 Ut
1638 409 1922 469 Ninnium
1959 418 2059 468 aut
2094 417 2320 467 ceteros

429 508 642 587 fugerit
680 509 989 584 investiges
1029 508 1203 567 velim
1242 517 1301 567 et
1341 509 1472 585 quis
1512 507 1760 567 attulerit
1798 517 1858 567 et
1904 524 2023 585 qua
2068 524 2132 566 re
2180 514 2321 564 octo

430 604 643 668 tribuni
685 604 764 682 pl.
805 604 885 664 ad
928 614 1196 663 senatum
1239 605 1314 664 de
1362 622 1459 663 me
1500 604 1712 664 referre
1755 622 1879 664 non
1925 602 2319 662 dubitarint—-

432 702 651 764 scilicet
691 702 855 783 quod
891 700 1325 762 observandum
1365 701 1506 761 illud
1548 712 1722 778 caput
1768 720 1893 761 non
1939 702 2323 777 putabant—‚

428 801 613 860 iidem
654 800 718 860 In
759 799 1101 876 abrogando
1145 793 1275 859 tam'
1304 777 1728 871 ’όαῖῑῗῗιι-Ξιῖιῖ,
1769 808 1835 858 ut
1875 799 1935 860 id
1980 806 2322 867 metuerent,

432 898 609 958 soluti
636 915 774 958 cum
799 906 1009 968 essent,
1036 897 1199 975 quod
1235 916 1312 957 ne
1349 897 1419 956 iis
1456 896 1710 973 quidem,
1739 896 1840 973 qui
1879 895 2010 973 lege
2036 905 2323 966 tenentur,

433 1003 523 1052 est
555 991 893 1056 curandum.
976 992 1052 1052 Id
1088 1003 1267 1070 caput
1307 1011 1451 1052 sane
1492 993 1674 1051 nolim
1716 1009 1902 1051 novos
1942 993 2207 1052 tribunos
2244 990 2327 1068 pl.

434 1088 601 1161 ferre,
644 1088 752 1150 sed
804 1088 1095 1166 perferant
1147 1090 1333 1149 modo
1388 1089 1718 1166 quidlubetz
1773 1107 1895 1149 uno
1945 1091 2154 1166 capite,
2201 1097 2323 1165 quo

434 1188 770 1259 revocabor,
823 1188 1007 1247 modo
1060 1205 1156 1247 res
1208 1187 1565 1259 conficiatur,
1614 1204 1716 1247 ero
1770 1198 2091 1247 contentus.
2193 1186 2325 1246 Iam

440 1284 665 1346 dudum
690 1284 872 1363 pudet
897 1295 1018 1344 tam
1044 1285 1226 1344 multa
1252 1285 1535 1356 scribere3
1579 1303 1780 1344 vereor
1806 1286 1964 1344 enim
1992 1304 2067 1344 ne
2101 1303 2165 1343 re
2204 1285 2326 1344 iam

439 1382 748 1457 desperata
772 1382 948 1458 legas,
965 1392 1029 1442 ut
1054 1382 1199 1441 haec
1225 1400 1359 1441 mea
1379 1381 1674 1459 diligentia
1692 1382 2031 1444 miserabilis
2050 1383 2174 1453 tibi,
2196 1382 2329 1441 aliis

441 1476 731 1547 irridenda
755 1478 1031 1538 videatur.
1122 1478 1242 1538 Sed
1268 1479 1316 1538 si
1342 1489 1432 1539 est
1459 1477 1675 1555 aliquid
1701 1479 1761 1537 in
1796 1496 1918 1555 spe,
1946 1479 2080 1538 vide
2116 1479 2331 1555 legem,

444 1591 622 1652 quam
648 1572 729 1634 T.
751 1575 935 1638 Fadio
963 1576 1189 1653 scripsit
1215 1573 1521 1635 Visellius:
1555 1592 1628 1634 ea
1653 1575 1796 1633 mihi
1822 1576 2119 1652 perplacet
2132 1596 2151 1649 ;
2191 1593 2336 1635 nam

446 1671 616 1734 Sestii
643 1649 842 1743 nostri,
871 1690 1048 1749 quam
1075 1683 1139 1732 tu
1165 1673 1270 1733 tibi
1295 1673 1529 1750 probari
1557 1672 1774 1742 scribis,
1804 1672 1944 1731 mihi
1972 1690 2095 1732 non
2123 1673 2334 1750 placet.

378 1788 393 1803 ·
446 1781 505 1843 5.
546 1767 749 1840 Tertia
784 1778 873 1828 est
913 1769 1160 1845 epistola
1194 1769 1379 1846 pridie
1415 1768 1559 1828 Idus
1595 1768 1910 1829 Novembr.
1936 1769 2086 1840 data,
2115 1770 2179 1831 in
2216 1787 2339 1848 qua

445 1866 696 1945 exponis
722 1866 1034 1943 prudenter
1060 1876 1118 1926 et
1146 1866 1465 1942 diligenter,
1494 1884 1645 1943 quae
1680 1867 1792 1926 sint
1818 1884 1970 1943 quae
2005 1885 2132 1926 rem
2171 1868 2338 1927 disti-

446 1982 584 2024 nere
623 1964 942 2030 videantur,
981 1965 1056 2024 de
1100 1963 1333 2036 Crasso,
1372 1963 1447 2024 de
1487 1964 1787 2041 Pompeio,
1817 1965 1890 2024 de
1930 1966 2175 2025 ceteris:
2219 1985 2343 2044 qua

447 2079 511 2125 re
548 2073 683 2125 ,oro'
711 2070 768 2122 te
814 2071 894 2134 ut,
936 2062 989 2120 si
1036 2080 1154 2139 qua
1201 2079 1336 2137 spes
1380 2062 1503 2132 erit,
1542 2079 1719 2138 posse
1770 2062 1972 2122 studiis
2020 2064 2341 2136 bonorum,
2380 2106 2384 2110 -

450 2156 805 2226 auctoritate,
823 2157 1186 2216 multitudine
1206 2166 1557 2234 comparata,
1577 2176 1704 2217 rem
1725 2160 1951 2232 confici,
1970 2161 2074 2220 des
2094 2178 2345 2239 operam

451 2260 517 2310 ut
557 2269 678 2312 uno
713 2251 933 2329 impetu
969 2253 1371 2330 perfringatur,
1407 2255 1468 2313 in
1504 2273 1637 2313 eam
1672 2275 1797 2315 rem
1838 2257 2143 2317 incumbas
2184 2267 2347 2318 cete-

345 2390 351 2396 ·
455 2365 673 2423 rosque
699 2349 951 2422 excites3
991 2351 1101 2422 sin,
1121 2360 1188 2409 ut
1215 2368 1330 2427 ego
1358 2353 1647 2428 perspicio
1676 2372 1812 2413 cum
1847 2364 1948 2414 tua
1986 2356 2346 2428 coniectura,

455 2456 585 2507 tum
621 2444 797 2505 etiam
828 2462 978 2518 mea,
1006 2447 1132 2524 spei
1168 2447 1308 2505 nihil
1344 2458 1450 2518 est,
1478 2466 1588 2509 oro
1626 2450 1996 2527 obtestorque
2038 2462 2114 2525 te,
2154 2464 2220 2513 ut
2262 2452 2347 2528 Q.

459 2541 699 2609 fratrem
745 2558 922 2613 ames,
964 2560 1140 2619 quem
1181 2561 1296 2619 ego
1337 2546 1612 2604 miserum
1652 2547 1860 2607 misere
1907 2549 2152 2627 perdidi,
2197 2569 2354 2610 neve

459 2637 605 2716 quid
630 2654 768 2697 eum
793 2638 1010 2714 patiare
1037 2641 1265 2715 gravius
1299 2642 1602 2702 consulere
1638 2642 1712 2703 de
1744 2663 1827 2716 se,
1855 2663 2033 2723 quam
2070 2637 2355 2724 expediat

461 2735 680 2794 sororis
732 2743 867 2795 tuae
919 2734 1056 2806 filio,
1111 2753 1310 2797 meum
1365 2736 1732 2811 Ciceronem,
1773 2743 1866 2801 cui
1920 2743 2060 2801 nihil
2114 2745 2354 2805 misello

459 2831 744 2907 relinquo*
781 2840 1009 2907 praeter
1054 2833 1327 2892 invidiam
1379 2844 1439 2892 et
1485 2836 1865 2910 ignominiam
1909 2841 2165 2900 nominis
2212 2845 2356 2918 mei,

461 2937 679 2997 tueare,
700 2927 916 3003 -quoad
953 2929 1188 3004 poteris,
1217 2928 1572 3002 Terentiam,
1599 2949 1777 2993 unam
1815 2936 2079 2996 omnium
2117 2956 2358 3010 aerum·

467 3023 860 3095 nosissimam,
887 3035 1171 3085 sustentes
1197 3026 1310 3085 tuis
1324 3027 1557 3087 officiis.
1640 3029 1772 3106 Ego
1797 3031 1858 3089 in
1885 3032 2132 3110 Epirum
2167 3039 2361 3113 profi-

466 3120 669 3189 ciscar,
687 3135 822 3179 eum
841 3121 1160 3197 primorum
1189 3121 1411 3181 dierum
1436 3125 1670 3185 nuntios
1696 3145 2018 3204 exceperot
2055 3141 2121 3189 tu
2149 3134 2229 3192 ad
2257 3151 2365 3195 me

467 3215 644 3277 velim
683 3215 964 3291 proximis
1002 3216 1215 3287 litteris,
1256 3227 1323 3276 ut
1370 3236 1435 3278 se
1482 3221 1641 3281 initia
1689 3221 1968 3298 dederint,
2006 3229 2366 3304 perscribas.

469 3312 631 3379 Data
655 3311 840 3389 pridie
867 3311 1000 3375 Kal.
1028 3311 1337 3375 Decembr.
