2642 3925
302 286 386 348 sp.
415 284 523 351 138,
547 271 694 355 139.]
736 277 961 335 EPIST.
992 282 1092 331 An
1119 283 1566 333 FAMJLJARES
1593 285 1659 334 x,
1702 290 1727 335 1
1746 290 1798 337 1.
2060 262 2181 352 267

296 434 345 493 si
383 451 481 492 me
522 433 804 511 intellegis
846 433 1067 493 nullum
1108 424 1301 510 neque
1340 432 1658 512 periculum
1696 451 1888 509 neque
1904 421 1907 426 ¹
1922 431 2185 491 laborem

295 532 514 607 patriae
569 531 912 606 denegasse,
969 532 1018 590 si
1074 541 1278 591 contra
1333 531 1860 609 importunissimos
1927 530 2184 589 latrones

297 646 459 687 arma
486 629 615 705 cepi
653 641 710 687 te
737 629 1001 687 hortante
1039 638 1097 687 et
1139 638 1394 699 auctore,
1424 629 1473 688 si
1513 645 1637 687 non
1675 628 1867 686 solum
1902 628 2187 687 exercitus

298 727 374 785 ad
401 744 526 784 rem
564 727 859 802 publicam
900 726 1340 803 libertatemque
1368 726 1797 786 defendendam
1835 715 2186 801 comparavi,

298 825 404 882 sed
432 825 605 882 etiam
632 822 1042 883 crudelissimis
1069 825 1328 902 tyrannis
1354 825 1555 901 eripui,
1585 841 1736 900 quos
1765 824 1813 881 si
1840 833 2189 898 occupasset

301 920 622 992 Dolabella,
677 938 802 980 non
858 921 1050 981 solum
1105 921 1375 993 adventu,
1421 922 1528 981 sed
1570 921 1746 980 etiam
1794 920 2072 996 opinione
2127 930 2185 979 et

299 1020 735 1095 exspectatione
778 1021 1062 1081 exercitus
1117 1021 1207 1079 sui
1254 1020 1579 1079 Antonium
1629 1019 2049 1078 confirmasset.
2134 1038 2188 1094 3.

302 1116 469 1189 Quas
510 1117 592 1176 ob
632 1135 726 1176 res
768 1119 976 1177 milites
1010 1128 1187 1190 tuere,
1215 1118 1266 1177 si
1306 1135 1413 1177 eos
1452 1117 1691 1176 mirifice
1735 1116 1809 1175 de
1850 1133 1913 1174 re
1953 1116 2191 1191 publica

301 1216 535 1273 meritos
556 1218 687 1274 es'se
710 1215 1132 1287 animadvertis,
1158 1225 1219 1274 et
1240 1216 1421 1287 effice,
1445 1233 1521 1273 ne
1549 1231 1726 1290 quem
1748 1212 2039 1290 paeniteat
2064 1230 2191 1270 rem

298 1312 590 1385 publicam
611 1330 788 1388 quam
818 1331 984 1389 spem
1012 1313 1264 1389 praedae
1285 1321 1344 1371 et
1371 1311 1702 1388 rapinarum
1721 1310 1885 1385 sequi
1901 1308 2188 1368 maluisse.

301 1408 450 1467 Item
493 1408 686 1469 Murci
725 1419 783 1469 et
825 1409 1017 1487 Crispi
1058 1411 1479 1487 imperatorum
1521 1409 1880 1483 dignitatem,
1909 1416 2191 1481 quantum

300 1517 388 1565 est
414 1508 477 1566 in
504 1517 579 1579 te,
608 1516 800 1569 tuere:
843 1526 982 1567 nam
1010 1508 1227 1567 Bassus
1265 1509 1477 1567 misere
1515 1507 1698 1565 noluit
1726 1505 1869 1564 mihi
1899 1504 2192 1581 legionem

300 1605 528 1663 tradere
542 1622 559 1677 3
615 1605 782 1680 quod·
818 1606 928 1664 nisi
969 1605 1178 1664 milites
1221 1605 1403 1663 invito
1450 1622 1526 1663 eo
1567 1603 1792 1679 legatos
1832 1602 1908 1663 ad
1949 1618 2046 1659 me
2087 1601 2193 1658 mi·
2212 1603 2221 1608 “’

220 1710 223 1713 ’
301 1706 526 1772 sissent,
556 1702 813 1762 clausam
853 1703 1181 1779 Apameam
1224 1702 1523 1771 tenuisset,
1555 1701 1756 1777 quoad
1795 1702 1850 1758 vi
1892 1710 2048 1759 esset
2090 1717 2191 1756 ex-

301 1811 578 1878 pugnata.
663 1798 833 1859 Haec
873 1818 909 1859 a
940 1809 998 1858 te
1040 1810 1182 1875 peto
1217 1817 1343 1858 non
1386 1798 1579 1858 solum
1614 1798 1695 1855 rei
1724 1797 2009 1873 publicae,
2041 1812 2195 1871 quae

300 1900 404 1957 tibi
459 1916 692 1975 semper
745 1897 849 1956 suit
904 1897 1215 1968 carissima,
1260 1897 1367 1956 sed
1409 1897 1586 1954 etiam
1629 1894 1915 1954 amicitiae
1957 1904 2192 1951 nostrae

301 1996 558 2066 nomine,
581 2013 759 2072 quam
787 1996 1024 2055 confido
1046 1997 1203 2072 apud
1220 2006 1277 2054 te
1305 1995 1618 2071 plurimum
1647 2011 1840 2069 posse.
1915 2010 1968 2064 4.
2002 1990 2191 2051 Crede

302 2095 442 2152 mihi
483 2093 642 2153 hune
684 2095 1018 2166 exercitum,
1047 2112 1226 2170 quem
1267 2094 1476 2164 haben,
1505 2104 1741 2150 senatus
1775 2099 1951 2167 atque
1986 2091 2191 2166 optimi

302 2180 584 2268 cuiusque
621 2209 751 2250 esse
789 2192 1160 2267 maximeque
1201 2201 1385 2259 tuum,
1415 2189 1489 2248 de
1519 2190 1682 2248 cuius
1720 2190 2016 2247 voluntate
2040 2187 2192 2247 adsi-

304 2289 417 2347 due
455 2287 750 2347 audiendo
790 2288 1029 2347 mirifice
1070 2298 1129 2347 te
1171 2288 1357 2363 diligit
1397 2293 1715 2363 carumque
1757 2286 1968 2344 habet:
2010 2286 2110 2362 qui
2148 2287 2197 2347 si

303 2387 642 2445 intellexerit
671 2386 988 2444 commoda
1027 2403 1132 2445 sua
1159 2402 1333 2444 curae
1372 2385 1474 2444 tibi
1512 2402 1661 2457 esse,
1691 2384 1904 2443 debere
1933 2383 2106 2442 etiam
2135 2401 2199 2442 se

306 2485 407 2543 tibi
434 2485 633 2543 omnia
661 2483 903 2560 putabit.

391 2597 446 2656 5.
488 2582 720 2640 Litteris
749 2581 974 2657 scriptis
995 2579 1186 2638 audivi
1208 2579 1576 2640 Dolabellam
1606 2581 1666 2638 in
1685 2578 1947 2639 Ciliciam
1975 2579 2201 2637 venisse

307 2699 444 2740 cum
485 2680 603 2738 suis
645 2678 862 2754 copiist
905 2677 1240 2754 proficiscar
1279 2679 1341 2736 in
1382 2677 1663 2737 Ciliciam.
1747 2675 1928 2747 Quod
1965 2677 2200 2750 egerim,

308 2779 567 2840 celeriter
593 2787 656 2835 ut
683 2776 850 2844 sciaS,
882 2758 1037 2834 dabo
1074 2792 1353 2850 operam3
1395 2793 1466 2833 ac
1493 2775 1681 2845 velim,
1711 2783 1775 2831 ut
1809 2790 2098 2831 meremur
2126 2773 2200 2829 de

307 2896 371 2935 re
419 2875 668 2952 publica,
714 2874 798 2932 sic
847 2872 1045 2931 felices
1085 2873 1281 2932 simus
1365 2872 1484 2931 Fac
1526 2871 1718 2930 valeas
1766 2887 1979 2946 meque
2022 2888 2200 2930 ames·

308 2971 503 3032 Nonis
531 2971 709 3032 Maiis
738 2989 811 3029 ex
840 2970 1060 3030 castris·

697 3089 828 3143 139.
910 3083 1026 3142 AD
1065 3080 1573 3143 FAMILIARES
1613 3081 1690 3142 X.
1738 3100 1829 3142 11.

428 3181 560 3246 Sex.
602 3201 666 3242 m
706 3182 1161 3241 ALLonxocmus
1202 3199 1281 3240 vr.
1326 3181 1467 3240 Inus
1509 3179 1706 3240 Maus
1746 3197 1913 3240 mue.
1959 3192 2094 3255 711.

976 3296 1228 3338 mancus
1268 3296 1553 3338 crcnnom.

402 3398 453 3439 1.
495 3379 882 3438 Iunoni-Anus
922 3394 1038 3453 ago
1078 3376 1180 3433 tibi
1221 3376 1435 3451 gratias
1477 3393 1766 3452 agamque
1806 3375 1946 3434 dum
1973 3375 2197 3448 vivam3

313 3495 454 3537 nam
495 3476 811 3535 relaturum
855 3491 951 3532 me
992 3472 1295 3532 adfirmare
1340 3489 1462 3531 non
1504 3489 1781 3549 possum:
1830 3472 2003 3533 tantis
2043 3474 2201 3533 enim
