2642 3925
388 245 470 326 76
923 251 1000 305 M.
1026 259 1029 262 ·
1053 254 1290 303 wrm
1311 254 1712 304 cmxxoms
1838 253 1873 295 “a
2043 236 2181 333 [Pars
2208 253 2286 309 nr

388 402 664 483 dignitate
703 414 804 466 aut
844 406 1074 465 occulta
1107 423 1231 464 non
1268 404 1561 464 nullorum
1590 404 1736 463 ‘odia
1776 412 1880 463 aut
1919 402 2169 464 obscura
2212 405 2283 464 int

385 524 481 563 me
510 504 699 564 studia
725 504 1070 576 cernebam3
1114 521 1253 562 nam
1280 521 1472 579 neque
1501 503 1575 560 de
1602 504 1997 574 monumentis
2023 504 2171 563 meis
2197 504 2284 564 ab·

385 603 455 661 iis
483 602 710 661 adiutus
737 620 821 675 οε,
850 621 886 662 a
913 601 1124 678 quibus
1165 600 1430 671 debuisti,
1460 617 1654 676 neque
1693 599 1766 659 de
1804 601 1861 659 vi
1893 599 2131 671 nefaria,
2160 619 2280 677 qua

386 719 522 759 curn
563 700 735 760 fratre
777 718 937 759 eram
979 699 1161 759 domo
1204 698 1522 775 expulsus3
1582 715 1775 775 neque
1814 697 2048 758 hercule
2097 699 2159 757 in
2206 699 2284 757 iis

385 798 528 875 ipsis
587 797 779 869 rebuS,
835 814 985 875 quae
1040 813 1401 873 quamquam
1466 806 1630 855 erant
1688 796 1830 855 mihi
1892 794 2130 873 propter
2195 795 2282 855 rei

386 895 677 955 familiaris
703 893 1012 970 naufragia
1033 894 1412 966 necessariae,
1439 902 1640 953 tamen
1666 912 1705 953 a
1730 912 1827 953 me
1854 894 2082 952 minimi
2108 897 2286 970 puta-4

385 995 612 1065 bantur,
639 992 701 1051 in
742 992 890 1051 meis
930 991 1160 1050 damnis
1196 1009 1271 1049 ex
1307 991 1646 1050 auctoritate
1687 999 1923 1051 senatus
1964 991 2282 1050 sarciendis·

387 1108 520 1148 eam
547 1089 921 1160 voluntatem,
951 1106 1129 1165 quam
1157 1098 1575 1165 exspectaram,
1598 1089 2018 1165 praestiterunt.
2104 1087 2286 1161 Quae}

387 1206 525 1246 cum
565 1188 1098 1263 viderem—neque
1145 1196 1311 1245 erant
1365 1188 1716 1258 obscura—,
1754 1204 1881 1246 non
1919 1197 2115 1246 tamen
2155 1196 2277 1245 tam

387 1286 597 1344 acerba
629 1284 772 1343 mihi
808 1284 955 1343 haec
983 1283 1340 1355 accidebant,
1369 1301 1546 1360 quam
1580 1294 1743 1343 erant
1781 1284 1881 1344 illa
1913 1295 2096 1361 grata,
2126 1301 2284 1362 quae·

388 1383 660 1442 fecerant.
744 1383 800 1441 6.
844 1381 1050 1458 Itaque
1080 1395 1436 1458 quamquam
1462 1392 1522 1441 et
1548 1380 1833 1458 Pompeio
1862 1383 2190 1459 plurimum,
2219 1392 2284 1440 te

390 1481 628 1557 quidem
669 1479 798 1557 ipso
841 1480 1234 1557 praedicatore
1274 1497 1345 1539 ac
1384 1489 1548 1551 teste,
1579 1480 1865 1539 debebam
1901 1488 1963 1539 et
1991 1498 2127 1538 eum
2154 1497 2279 1538 non

391 1580 581 1638 solum
628 1578 935 1647 benefici0,
980 1577 1084 1636 sed
1125 1595 1327 1635 amore
1368 1577 1560 1636 etiam'
1583 1586 1643 1635 et
1694 1587 1979 1654 perpetuo
2021 1578 2303 1653 quodam»

391 1672 605 1732 iudicio
661 1690 799 1731 meo
849 1670 1180 1747 diligebam,
1221 1679 1420 1730 tamen
1474 1688 1596 1731 non
1652 1682 1944 1747 reputans,
1987 1672 2129 1747 quid
2175 1671 2278 1731 ille

389 1771 574 1841 vellet,
602 1770 664 1831 in
706 1770 983 1828 omnibus
1020 1769 1168 1827 meis
1207 1768 1509 1828 sententiis
1550 1767 1624 1827 de
1665 1787 1727 1827 re
1765 1769 1996 1846 publica
2021 1770 2284 1848 pristinis

389 1869 820 1947 permanebam.
876 1922 879 1925 ,
936 1882 988 1943 7.
1031 1865 1166 1943 Ego
1232 1866 1473 1925 sedente
1534 1864 1643 1925 Cn.
1686 1864 1972 1943 Pompeio
2027 1886 2161 1926 cum
2213 1877 2285 1926 ut

389 1968 649 2029 laudaret
674 1966 741 2025 P.
772 1965 1022 2026 Sestium
1059 1965 1354 2024 introisset
1390 1965 1453 2023 in
1484 1966 1708 2036 urbem,
1735 1964 2087 2049 dixissetque
2115 1967 2284 2026 testis

390 2065 660 2124 Vatinius
701 2083 798 2123 me
834 2063 1067 2125 fortuna
1107 2071 1167 2121 et
1205 2061 1476 2122 felicitate
1517 2061 1587 2122 C.
1618 2060 1881 2121 Caesaris
1915 2074 2282 2124 commotum

390 2163 468 2223 illi
505 2165 760 2221 amicum
797 2180 925 2221 esse
964 2162 1247 2237 coepisse,
1277 2161 1396 2220 dixi
1436 2179 1534 2219 me
1562 2178 1695 2220 eam
1735 2160 1927 2219 Bibuli
1967 2161 2284 2234 fortunam,-

392 2279 571 2339 quam
611 2260 705 2318 ille
747 2258 1042 2318 adfiictam
1081 2267 1325 2334 putaret,
1355 2260 1620 2317 omnium
1663 2258 1965 2334 triumphis
2004 2261 2283 2319 victoriis-

392 2376 509 2434 que
557 2355 873 2428 anteferre;
937 2354 1171 2429 dixique
1216 2355 1428 2414 eodem
1471 2366 1616 2414 teste
1664 2355 1778 2414 alio
1831 2356 1986 2427 locO,
2033 2357 2278 2420 eosdem

392 2474 539 2526 esse,
581 2454 682 2531 qui
729 2453 1001 2512 Bibulum
1044 2451 1201 2511 exire
1244 2455 1424 2515 domo
1471 2454 1900 2530 prohibuissent
1939 2466 1998 2514 et
2036 2456 2148 2532 qui,
2165 2474 2283 2515 me

393 2553 756 2628 coegissent:
816 2561 939 2610 tota
977 2568 1114 2615 vero
1154 2552 1530 2627 interrogatio
1572 2570 1706 2610 mea
1745 2553 1886 2611 nihil
1930 2554 2129 2612 habuit
2167 2556 2279 2614 nisi

393 2649 905 2727 reprehensionem
929 2651 1081 2709 illius
1108 2651 1430 2709 tribunatus
1442 2668 1460 2722 ;
1505 2649 1568 2708 in
1595 2668 1712 2726 qua
1738 2652 1939 2709 omnia
1967 2652 2121 2712 dicu
2147 2663 2285 2713 sunt

392 2749 652 2808 libertate
692 2747 1007 2827 animoque
1048 2749 1307 2807 maximo
1344 2747 1421 2806 de
1455 2746 1528 2819 vi,
1557 2748 1631 2806 de
1670 2749 1959 2824 auspiciis,
1988 2750 2061 2808 de
2097 2750 2286 2811 dona-

395 2847 555 2906 tione
582 2863 917 2921 regnorum.
1000 2848 1059 2906 8.
1099 2844 1312 2922 Neque
1342 2862 1479 2904 vero
1506 2843 1617 2903 hac
1644 2845 1710 2903 in
1733 2863 1910 2905 causa
1945 2847 2148 2920 mod0,
2177 2849 2283 2908 sed

397 2952 729 3004 constanter
783 2961 962 3020 saepe
1015 2944 1078 3003 in
1132 2953 1371 3002 senatu:
1427 2943 1570 3018 quin
1613 2942 1789 3001 etiam
1829 2942 2180 3006 Marcellino
2225 2958 2288 3005 et

397 3040 668 3117 Philippo
725 3042 1061 3101 consulibus
1116 3041 1308 3101 Nonis
1363 3041 1660 3117 Aprilibus
1707 3041 1851 3099 mihi
1903 3052 1994 3101 est
2046 3054 2283 3103 senatus

399 3138 699 3208 adsensus,
741 3148 804 3196 ut
845 3137 918 3196 de
959 3156 1102 3215 agro
1147 3137 1453 3214 Campano
1493 3137 1780 3213 frequenti
1835 3152 2040 3199 senatu
2082 3140 2283 3200 Idibus

401 3236 577 3296 Maiis
603 3233 918 3295 referretur.
1001 3235 1163 3295 Num
1190 3238 1355 3312 potui
1377 3237 1569 3312 ,magis
1596 3237 1659 3295 in
1679 3255 1872 3296 arcem
1898 3238 2048 3298 illius
2075 3257 2284 3298 causae

402 3333 671 3393 invadere
713 3345 810 3392 aut
850 3336 1037 3411 magis
1079 3335 1338 3394 oblivisci
1382 3341 1711 3410 temporum
1750 3353 2034 3407 meorum,
2076 3337 2284 3395 memi-

400 3432 558 3497 nisse
584 3431 880 3522 actionum
896 3434 1073 3494 {hac
1100 3450 1136 3492 a
1163 3452 1259 3493 me
1288 3435 1572 3494 sententia
1599 3434 1751 3494 dicta
1781 3453 2031 3511 magnus
2057 3436 2283 3496 animo·
