<?xml version="1.0" encoding="UTF-8"?>
<!DOCTYPE html PUBLIC "-//W3C//DTD XHTML 1.0 Transitional//EN"
    "http://www.w3.org/TR/xhtml1/DTD/xhtml1-transitional.dtd">
<html xmlns="http://www.w3.org/1999/xhtml" xml:lang="en" lang="en">
 <head>
  <title>
</title>
<meta http-equiv="Content-Type" content="text/html;charset=utf-8" />
  <meta name='ocr-system' content='tesseract 3.04.00' />
  <meta name='ocr-capabilities' content='ocr_page ocr_carea ocr_par ocr_line ocrx_word'/>
</head>
<body>
  <div class='ocr_page' id='page_1' title='image "./mtulliiciceroni00watsgoog_0047.png"; bbox 0 0 2642 3925; ppageno 0'>
   <div class='ocr_carea' id='block_1_1' title="bbox 335 246 2213 341">
    <p class='ocr_par' dir='ltr' id='par_1_1' title="bbox 335 246 2213 341">
     <span class='ocr_line' id='line_1_1' title="bbox 335 246 2213 341; baseline 0.003 -28"><span class='ocrx_word' id='word_1_1' title='bbox 335 263 426 330; x_wconf 59' lang='lat' dir='ltr'>sp.</span> <span class='ocrx_word' id='word_1_2' title='bbox 461 246 566 341; x_wconf 61' lang='grc' dir='ltr'>η]</span> <span class='ocrx_word' id='word_1_3' title='bbox 779 265 1006 319; x_wconf 77' lang='lat' dir='ltr'><strong><em>EPIST.</em></strong></span> <span class='ocrx_word' id='word_1_4' title='bbox 1048 265 1151 313; x_wconf 76' lang='lat' dir='ltr'>AD</span> <span class='ocrx_word' id='word_1_5' title='bbox 1190 266 1524 315; x_wconf 77' lang='lat' dir='ltr'><strong><em>ATTJCUM</em></strong></span> <span class='ocrx_word' id='word_1_6' title='bbox 1560 268 1637 319; x_wconf 87' lang='lat'>11.</span> <span class='ocrx_word' id='word_1_7' title='bbox 1687 272 1788 339; x_wconf 89' lang='lat'>19.</span> <span class='ocrx_word' id='word_1_8' title='bbox 2133 271 2213 339; x_wconf 81' lang='lat'>3¹</span> 
     </span>
    </p>
   </div>
   <div class='ocr_carea' id='block_1_2' title="bbox 332 421 2219 991">
    <p class='ocr_par' dir='ltr' id='par_1_2' title="bbox 332 421 2219 991">
     <span class='ocr_line' id='line_1_2' title="bbox 338 421 2217 501; baseline 0.001 -20"><span class='ocrx_word' id='word_1_9' title='bbox 338 426 356 455; x_wconf 77' lang='lat'>⁸</span> <span class='ocrx_word' id='word_1_10' title='bbox 374 421 668 499; x_wconf 87' lang='lat' dir='ltr'>dignitatis</span> <span class='ocrx_word' id='word_1_11' title='bbox 732 427 868 497; x_wconf 62' lang='grc' dir='ltr'>ἅλις,</span> <span class='ocrx_word' id='word_1_12' title='bbox 920 434 1218 501; x_wconf 89' lang='lat' dir='ltr'>tamquam</span> <span class='ocrx_word' id='word_1_13' title='bbox 1276 427 1465 500; x_wconf 64' lang='grc' dir='ltr'>δρυός-τ</span> <span class='ocrx_word' id='word_1_14' title='bbox 1534 425 1719 496; x_wconf 84' lang='lat' dir='ltr'>saluti,</span> <span class='ocrx_word' id='word_1_15' title='bbox 1773 422 1824 483; x_wconf 84' lang='lat' dir='ltr'>si</span> <span class='ocrx_word' id='word_1_16' title='bbox 1876 442 1975 483; x_wconf 90' lang='lat' dir='ltr'>me</span> <span class='ocrx_word' id='word_1_17' title='bbox 2035 442 2217 494; x_wconf 84' lang='lat' dir='ltr'>amas,</span> 
     </span>
     <span class='ocr_line' id='line_1_3' title="bbox 334 513 2218 599; baseline 0.002 -21"><span class='ocrx_word' id='word_1_18' title='bbox 334 513 610 581; x_wconf 65' lang='lat' dir='ltr'>consule!</span> <span class='ocrx_word' id='word_1_19' title='bbox 695 521 798 581; x_wconf 94' lang='lat' dir='ltr'>Me</span> <span class='ocrx_word' id='word_1_20' title='bbox 853 524 1166 581; x_wconf 84' lang='lat' dir='ltr'>miserum!</span> <span class='ocrx_word' id='word_1_21' title='bbox 1223 541 1326 582; x_wconf 80' lang='lat' dir='ltr'>eur</span> <span class='ocrx_word' id='word_1_22' title='bbox 1366 540 1490 581; x_wconf 87' lang='lat' dir='ltr'>non</span> <span class='ocrx_word' id='word_1_23' title='bbox 1529 524 1716 583; x_wconf 86' lang='lat' dir='ltr'>ades?</span> <span class='ocrx_word' id='word_1_24' title='bbox 1771 522 1911 580; x_wconf 88' lang='lat' dir='ltr'>nihil</span> <span class='ocrx_word' id='word_1_25' title='bbox 1952 522 2218 599; x_wconf 86' lang='lat' dir='ltr'>profecto</span> 
     </span>
     <span class='ocr_line' id='line_1_4' title="bbox 336 620 2219 697; baseline 0.001 -23"><span class='ocrx_word' id='word_1_26' title='bbox 336 626 395 675; x_wconf 90' lang='lat' dir='ltr'>te</span> <span class='ocrx_word' id='word_1_27' title='bbox 423 620 790 693; x_wconf 54' lang='lat' dir='ltr'>praeterirem</span> <span class='ocrx_word' id='word_1_28' title='bbox 834 638 947 695; x_wconf 85' lang='lat' dir='ltr'>ego</span> <span class='ocrx_word' id='word_1_29' title='bbox 986 620 1228 678; x_wconf 87' lang='lat' dir='ltr'>fortasse</span> <span class='ocrx_word' id='word_1_30' title='bbox 1265 625 1554 694; x_wconf 75' lang='grc' dir='ltr'>τυφλώπω</span> <span class='ocrx_word' id='word_1_31' title='bbox 1590 630 1649 679; x_wconf 89' lang='lat' dir='ltr'>et</span> <span class='ocrx_word' id='word_1_32' title='bbox 1684 621 1928 679; x_wconf 88' lang='lat' dir='ltr'>nimium</span> <span class='ocrx_word' id='word_1_33' title='bbox 1964 625 2037 697; x_wconf 74' lang='grc' dir='ltr'>τῷ</span> <span class='ocrx_word' id='word_1_34' title='bbox 2077 624 2219 697; x_wconf 70' lang='grc' dir='ltr'>καλῷ</span> 
     </span>
     <span class='ocr_line' id='line_1_5' title="bbox 333 716 2218 794; baseline 0.002 -22"><span class='ocrx_word' id='word_1_35' title='bbox 333 718 714 787; x_wconf 72' lang='grc' dir='ltr'>προπέπονθα.</span> <span class='ocrx_word' id='word_1_36' title='bbox 807 736 859 777; x_wconf 87' lang='lat'>2.</span> <span class='ocrx_word' id='word_1_37' title='bbox 904 716 1060 776; x_wconf 71' lang='lat' dir='ltr'>Scito</span> <span class='ocrx_word' id='word_1_38' title='bbox 1101 718 1241 775; x_wconf 88' lang='lat' dir='ltr'>nihil</span> <span class='ocrx_word' id='word_1_39' title='bbox 1281 735 1563 794; x_wconf 89' lang='lat' dir='ltr'>umquam</span> <span class='ocrx_word' id='word_1_40' title='bbox 1603 717 1781 777; x_wconf 87' lang='lat' dir='ltr'>fuisse</span> <span class='ocrx_word' id='word_1_41' title='bbox 1822 727 1943 776; x_wconf 86' lang='lat' dir='ltr'>tam</span> <span class='ocrx_word' id='word_1_42' title='bbox 1982 717 2218 788; x_wconf 81' lang='lat' dir='ltr'>infame,</span> 
     </span>
     <span class='ocr_line' id='line_1_6' title="bbox 332 815 2219 891; baseline 0.002 -20"><span class='ocrx_word' id='word_1_43' title='bbox 332 821 456 871; x_wconf 83' lang='lat' dir='ltr'>tam</span> <span class='ocrx_word' id='word_1_44' title='bbox 495 824 678 890; x_wconf 84' lang='lat' dir='ltr'>turpe,</span> <span class='ocrx_word' id='word_1_45' title='bbox 720 824 840 873; x_wconf 88' lang='lat' dir='ltr'>tam</span> <span class='ocrx_word' id='word_1_46' title='bbox 882 832 1169 891; x_wconf 85' lang='lat' dir='ltr'>peraeque</span> <span class='ocrx_word' id='word_1_47' title='bbox 1209 815 1483 890; x_wconf 88' lang='lat' dir='ltr'>omnibus</span> <span class='ocrx_word' id='word_1_48' title='bbox 1523 816 1855 890; x_wconf 86' lang='lat' dir='ltr'>generibus,</span> <span class='ocrx_word' id='word_1_49' title='bbox 1899 815 2219 887; x_wconf 84' lang='lat' dir='ltr'>ordinibuS,</span> 
     </span>
     <span class='ocr_line' id='line_1_7' title="bbox 334 911 2218 991; baseline 0.002 -22"><span class='ocrx_word' id='word_1_50' title='bbox 334 913 618 970; x_wconf 85' lang='lat' dir='ltr'>aetatibus</span> <span class='ocrx_word' id='word_1_51' title='bbox 672 911 981 983; x_wconf 80' lang='lat' dir='ltr'>offensum,</span> <span class='ocrx_word' id='word_1_52' title='bbox 1033 931 1209 990; x_wconf 89' lang='lat' dir='ltr'>quam</span> <span class='ocrx_word' id='word_1_53' title='bbox 1264 912 1421 972; x_wconf 88' lang='lat' dir='ltr'>hunc</span> <span class='ocrx_word' id='word_1_54' title='bbox 1476 921 1705 978; x_wconf 80' lang='lat' dir='ltr'>statum.</span> <span class='ocrx_word' id='word_1_55' title='bbox 1761 912 1861 991; x_wconf 91' lang='lat' dir='ltr'>qui</span> <span class='ocrx_word' id='word_1_56' title='bbox 1908 931 2065 971; x_wconf 89' lang='lat' dir='ltr'>nunc</span> <span class='ocrx_word' id='word_1_57' title='bbox 2112 922 2218 984; x_wconf 81' lang='lat' dir='ltr'>est,</span> 
     </span>
    </p>
   </div>
   <div class='ocr_carea' id='block_1_3' title="bbox 286 1008 2219 1087">
    <p class='ocr_par' dir='ltr' id='par_1_3' title="bbox 286 1008 2219 1087">
     <span class='ocr_line' id='line_1_8' title="bbox 286 1008 2219 1087; baseline 0.002 -19"><span class='ocrx_word' id='word_1_58' title='bbox 286 1023 289 1024; x_wconf 69' lang='grc'>’</span> <span class='ocrx_word' id='word_1_59' title='bbox 332 1008 522 1084; x_wconf 88' lang='lat' dir='ltr'>magis</span> <span class='ocrx_word' id='word_1_60' title='bbox 550 1009 893 1081; x_wconf 86' lang='lat' dir='ltr'>mehercule,</span> <span class='ocrx_word' id='word_1_61' title='bbox 916 1028 1095 1087; x_wconf 89' lang='lat' dir='ltr'>quam</span> <span class='ocrx_word' id='word_1_62' title='bbox 1121 1009 1344 1083; x_wconf 89' lang='lat' dir='ltr'>vellem,</span> <span class='ocrx_word' id='word_1_63' title='bbox 1373 1027 1494 1069; x_wconf 90' lang='lat' dir='ltr'>non</span> <span class='ocrx_word' id='word_1_64' title='bbox 1521 1011 1703 1071; x_wconf 90' lang='lat' dir='ltr'>modo</span> <span class='ocrx_word' id='word_1_65' title='bbox 1732 1028 1910 1087; x_wconf 89' lang='lat' dir='ltr'>quam</span> <span class='ocrx_word' id='word_1_66' title='bbox 1937 1019 2219 1086; x_wconf 78' lang='lat' dir='ltr'>putaram.</span> 
     </span>
    </p>
   </div>
   <div class='ocr_carea' id='block_1_4' title="bbox 331 1105 2255 1380">
    <p class='ocr_par' dir='ltr' id='par_1_4' title="bbox 331 1105 2255 1380">
     <span class='ocr_line' id='line_1_9' title="bbox 334 1105 2219 1182; baseline 0.002 -18"><span class='ocrx_word' id='word_1_67' title='bbox 334 1105 651 1181; x_wconf 81' lang='lat' dir='ltr'>Populares</span> <span class='ocrx_word' id='word_1_68' title='bbox 677 1108 772 1166; x_wconf 91' lang='lat' dir='ltr'>isti</span> <span class='ocrx_word' id='word_1_69' title='bbox 798 1108 916 1166; x_wconf 88' lang='lat' dir='ltr'>iam</span> <span class='ocrx_word' id='word_1_70' title='bbox 944 1109 1119 1167; x_wconf 83' lang='lat' dir='ltr'>etiam</span> <span class='ocrx_word' id='word_1_71' title='bbox 1156 1109 1452 1182; x_wconf 89' lang='lat' dir='ltr'>modestos</span> <span class='ocrx_word' id='word_1_72' title='bbox 1484 1107 1753 1167; x_wconf 88' lang='lat' dir='ltr'>homines</span> <span class='ocrx_word' id='word_1_73' title='bbox 1781 1109 2008 1168; x_wconf 86' lang='lat' dir='ltr'>sibilare</span> <span class='ocrx_word' id='word_1_74' title='bbox 2037 1109 2219 1168; x_wconf 89' lang='lat' dir='ltr'>docu-</span> 
     </span>
     <span class='ocr_line' id='line_1_10' title="bbox 332 1202 2255 1284; baseline 0.004 -23"><span class='ocrx_word' id='word_1_75' title='bbox 332 1215 516 1262; x_wconf 84' lang='lat' dir='ltr'>erunt.</span> <span class='ocrx_word' id='word_1_76' title='bbox 601 1202 842 1273; x_wconf 87' lang='lat' dir='ltr'>Bibulus</span> <span class='ocrx_word' id='word_1_77' title='bbox 891 1206 954 1264; x_wconf 90' lang='lat' dir='ltr'>in</span> <span class='ocrx_word' id='word_1_78' title='bbox 997 1205 1161 1265; x_wconf 89' lang='lat' dir='ltr'>caelo</span> <span class='ocrx_word' id='word_1_79' title='bbox 1207 1217 1312 1277; x_wconf 89' lang='lat' dir='ltr'>est,</span> <span class='ocrx_word' id='word_1_80' title='bbox 1357 1224 1468 1266; x_wconf 88' lang='lat' dir='ltr'>nec</span> <span class='ocrx_word' id='word_1_81' title='bbox 1513 1224 1635 1284; x_wconf 89' lang='lat' dir='ltr'>qua</span> <span class='ocrx_word' id='word_1_82' title='bbox 1680 1224 1744 1265; x_wconf 89' lang='lat' dir='ltr'>re</span> <span class='ocrx_word' id='word_1_83' title='bbox 1790 1206 1934 1279; x_wconf 79' lang='lat' dir='ltr'>scie,</span> <span class='ocrx_word' id='word_1_84' title='bbox 1987 1206 2098 1266; x_wconf 87' lang='lat' dir='ltr'>sed</span> <span class='ocrx_word' id='word_1_85' title='bbox 2135 1207 2218 1268; x_wconf 87' lang='lat' dir='ltr'>ita</span> <span class='ocrx_word' id='word_1_86' title='bbox 2252 1204 2255 1207; x_wconf 70' lang='grc'>’</span> 
     </span>
     <span class='ocr_line' id='line_1_11' title="bbox 331 1301 824 1380; baseline 0.004 -21"><span class='ocrx_word' id='word_1_87' title='bbox 331 1301 612 1375; x_wconf 87' lang='lat' dir='ltr'>laudatur,</span> <span class='ocrx_word' id='word_1_88' title='bbox 655 1303 824 1380; x_wconf 84' lang='lat' dir='ltr'>quasi</span> 
     </span>
    </p>
   </div>
   <div class='ocr_carea' id='block_1_5' title="bbox 704 1416 1841 1468">
    <p class='ocr_par' dir='ltr' id='par_1_5' title="bbox 704 1416 1841 1468">
     <span class='ocr_line' id='line_1_12' title="bbox 704 1416 1841 1468; baseline 0.003 -4"><span class='ocrx_word' id='word_1_89' title='bbox 704 1416 835 1464; x_wconf 71' lang='lat' dir='ltr'>Unus</span> <span class='ocrx_word' id='word_1_90' title='bbox 865 1417 1011 1465; x_wconf 86' lang='lat' dir='ltr'>homo</span> <span class='ocrx_word' id='word_1_91' title='bbox 1043 1418 1173 1465; x_wconf 77' lang='lat' dir='ltr'>nobis</span> <span class='ocrx_word' id='word_1_92' title='bbox 1205 1420 1464 1466; x_wconf 83' lang='lat' dir='ltr'>cunctando</span> <span class='ocrx_word' id='word_1_93' title='bbox 1495 1418 1695 1467; x_wconf 75' lang='lat' dir='ltr'>restituit</span> <span class='ocrx_word' id='word_1_94' title='bbox 1724 1434 1841 1468; x_wconf 85' lang='lat' dir='ltr'>rem.</span> 
     </span>
    </p>
   </div>
   <div class='ocr_carea' id='block_1_6' title="bbox 332 1514 2221 1986">
    <p class='ocr_par' dir='ltr' id='par_1_6' title="bbox 332 1514 2221 1986">
     <span class='ocr_line' id='line_1_13' title="bbox 333 1514 2217 1595; baseline 0.003 -22"><span class='ocrx_word' id='word_1_95' title='bbox 333 1514 669 1593; x_wconf 76' lang='lat' dir='ltr'>PompeiuS,</span> <span class='ocrx_word' id='word_1_96' title='bbox 712 1519 894 1577; x_wconf 89' lang='lat' dir='ltr'>nostri</span> <span class='ocrx_word' id='word_1_97' title='bbox 935 1537 1181 1590; x_wconf 81' lang='lat' dir='ltr'>amoreS,</span> <span class='ocrx_word' id='word_1_98' title='bbox 1226 1520 1390 1595; x_wconf 91' lang='lat' dir='ltr'>quod</span> <span class='ocrx_word' id='word_1_99' title='bbox 1430 1519 1572 1577; x_wconf 90' lang='lat' dir='ltr'>mihi</span> <span class='ocrx_word' id='word_1_100' title='bbox 1613 1536 1846 1578; x_wconf 89' lang='lat' dir='ltr'>summo</span> <span class='ocrx_word' id='word_1_101' title='bbox 1889 1518 2078 1579; x_wconf 92' lang='lat' dir='ltr'>dolori</span> <span class='ocrx_word' id='word_1_102' title='bbox 2112 1528 2217 1592; x_wconf 86' lang='lat' dir='ltr'>est,</span> 
     </span>
     <span class='ocr_line' id='line_1_14' title="bbox 333 1612 2221 1691; baseline 0.003 -19"><span class='ocrx_word' id='word_1_103' title='bbox 333 1612 460 1691; x_wconf 88' lang='lat' dir='ltr'>ipse</span> <span class='ocrx_word' id='word_1_104' title='bbox 519 1633 583 1673; x_wconf 91' lang='lat' dir='ltr'>se</span> <span class='ocrx_word' id='word_1_105' title='bbox 648 1615 904 1689; x_wconf 55' lang='lat' dir='ltr'>adflixit:</span> <span class='ocrx_word' id='word_1_106' title='bbox 974 1617 1269 1674; x_wconf 87' lang='lat' dir='ltr'>neminem</span> <span class='ocrx_word' id='word_1_107' title='bbox 1326 1626 1485 1675; x_wconf 78' lang='lat' dir='ltr'>tenet</span> <span class='ocrx_word' id='word_1_108' title='bbox 1538 1617 1867 1691; x_wconf 81' lang='lat' dir='ltr'>voluntate3</span> <span class='ocrx_word' id='word_1_109' title='bbox 1926 1636 2003 1676; x_wconf 89' lang='lat' dir='ltr'>ne</span> <span class='ocrx_word' id='word_1_110' title='bbox 2056 1627 2221 1678; x_wconf 87' lang='lat' dir='ltr'>metu</span> 
     </span>
     <span class='ocr_line' id='line_1_15' title="bbox 333 1713 2220 1794; baseline 0.003 -24"><span class='ocrx_word' id='word_1_111' title='bbox 333 1731 571 1773; x_wconf 89' lang='lat' dir='ltr'>necesse</span> <span class='ocrx_word' id='word_1_112' title='bbox 627 1715 702 1773; x_wconf 88' lang='lat' dir='ltr'>sit</span> <span class='ocrx_word' id='word_1_113' title='bbox 753 1716 824 1774; x_wconf 88' lang='lat' dir='ltr'>iis</span> <span class='ocrx_word' id='word_1_114' title='bbox 879 1716 979 1786; x_wconf 89' lang='lat' dir='ltr'>uti,</span> <span class='ocrx_word' id='word_1_115' title='bbox 1035 1734 1250 1774; x_wconf 88' lang='lat' dir='ltr'>vereor.</span> <span class='ocrx_word' id='word_1_116' title='bbox 1334 1713 1468 1791; x_wconf 86' lang='lat' dir='ltr'>Ego</span> <span class='ocrx_word' id='word_1_117' title='bbox 1523 1728 1721 1776; x_wconf 89' lang='lat' dir='ltr'>autem</span> <span class='ocrx_word' id='word_1_118' title='bbox 1773 1734 1967 1794; x_wconf 88' lang='lat' dir='ltr'>neque</span> <span class='ocrx_word' id='word_1_119' title='bbox 2015 1734 2220 1793; x_wconf 83' lang='lat' dir='ltr'>pugno</span> 
     </span>
     <span class='ocr_line' id='line_1_16' title="bbox 335 1811 2216 1890; baseline 0.002 -21"><span class='ocrx_word' id='word_1_120' title='bbox 335 1829 471 1869; x_wconf 91' lang='lat' dir='ltr'>cum</span> <span class='ocrx_word' id='word_1_121' title='bbox 509 1811 606 1870; x_wconf 88' lang='lat' dir='ltr'>illa</span> <span class='ocrx_word' id='word_1_122' title='bbox 644 1831 824 1872; x_wconf 87' lang='lat' dir='ltr'>causa</span> <span class='ocrx_word' id='word_1_123' title='bbox 862 1813 1100 1890; x_wconf 85' lang='lat' dir='ltr'>propter</span> <span class='ocrx_word' id='word_1_124' title='bbox 1135 1814 1292 1871; x_wconf 87' lang='lat' dir='ltr'>illam</span> <span class='ocrx_word' id='word_1_125' title='bbox 1330 1815 1659 1883; x_wconf 87' lang='lat' dir='ltr'>amicitiam,</span> <span class='ocrx_word' id='word_1_126' title='bbox 1701 1832 1893 1890; x_wconf 91' lang='lat' dir='ltr'>neque</span> <span class='ocrx_word' id='word_1_127' title='bbox 1935 1815 2216 1890; x_wconf 89' lang='lat' dir='ltr'>approb0,</span> 
     </span>
     <span class='ocr_line' id='line_1_17' title="bbox 332 1907 2215 1986; baseline 0.002 -23"><span class='ocrx_word' id='word_1_128' title='bbox 332 1922 410 1964; x_wconf 90' lang='lat' dir='ltr'>ne</span> <span class='ocrx_word' id='word_1_129' title='bbox 464 1907 662 1966; x_wconf 86' lang='lat' dir='ltr'>omnia</span> <span class='ocrx_word' id='word_1_130' title='bbox 714 1909 1062 1984; x_wconf 69' lang='lat' dir='ltr'>improbem,</span> <span class='ocrx_word' id='word_1_131' title='bbox 1120 1926 1271 1986; x_wconf 89' lang='lat' dir='ltr'>quae</span> <span class='ocrx_word' id='word_1_132' title='bbox 1328 1918 1501 1967; x_wconf 86' lang='lat' dir='ltr'>antea</span> <span class='ocrx_word' id='word_1_133' title='bbox 1552 1908 1743 1985; x_wconf 86' lang='lat' dir='ltr'>gessi:</span> <span class='ocrx_word' id='word_1_134' title='bbox 1798 1919 1930 1967; x_wconf 88' lang='lat' dir='ltr'>utor</span> <span class='ocrx_word' id='word_1_135' title='bbox 1969 1909 2076 1968; x_wconf 86' lang='lat' dir='ltr'>via.</span> <span class='ocrx_word' id='word_1_136' title='bbox 2162 1927 2215 1983; x_wconf 75' lang='lat'>3·</span> 
     </span>
    </p>
   </div>
   <div class='ocr_carea' id='block_1_7' title="bbox 288 2002 2216 2083">
    <p class='ocr_par' dir='ltr' id='par_1_7' title="bbox 288 2002 2216 2083">
     <span class='ocr_line' id='line_1_18' title="bbox 288 2002 2216 2083; baseline 0.003 -23"><span class='ocrx_word' id='word_1_137' title='bbox 288 2044 295 2051; x_wconf 34' lang='grc' dir='ltr'><em>ι</em></span> <span class='ocrx_word' id='word_1_138' title='bbox 333 2002 542 2079; x_wconf 90' lang='lat' dir='ltr'>Populi</span> <span class='ocrx_word' id='word_1_139' title='bbox 581 2021 788 2064; x_wconf 89' lang='lat' dir='ltr'>sensus</span> <span class='ocrx_word' id='word_1_140' title='bbox 826 2006 1079 2064; x_wconf 82' lang='lat' dir='ltr'>maxime</span> <span class='ocrx_word' id='word_1_141' title='bbox 1121 2006 1344 2066; x_wconf 87' lang='lat' dir='ltr'>theatro</span> <span class='ocrx_word' id='word_1_142' title='bbox 1386 2018 1445 2065; x_wconf 88' lang='lat' dir='ltr'>et</span> <span class='ocrx_word' id='word_1_143' title='bbox 1491 2007 1832 2082; x_wconf 88' lang='lat' dir='ltr'>spectaculis</span> <span class='ocrx_word' id='word_1_144' title='bbox 1880 2016 2216 2083; x_wconf 87' lang='lat' dir='ltr'>perspectus</span> 
     </span>
    </p>
   </div>
   <div class='ocr_carea' id='block_1_8' title="bbox 332 2083 2215 2181">
    <p class='ocr_par' dir='ltr' id='par_1_8' title="bbox 332 2083 2215 2181">
     <span class='ocr_line' id='line_1_19' title="bbox 332 2083 2215 2181; baseline 0.003 -21"><span class='ocrx_word' id='word_1_145' title='bbox 332 2111 457 2160; x_wconf 85' lang='lat' dir='ltr'>est:</span> <span class='ocrx_word' id='word_1_146' title='bbox 500 2120 638 2160; x_wconf 90' lang='lat' dir='ltr'>nam</span> <span class='ocrx_word' id='word_1_147' title='bbox 665 2083 1078 2179; x_wconf 88' lang='lat' dir='ltr'>gladiatoribus</span> <span class='ocrx_word' id='word_1_148' title='bbox 1115 2123 1229 2180; x_wconf 90' lang='lat' dir='ltr'>qua</span> <span class='ocrx_word' id='word_1_149' title='bbox 1271 2105 1544 2164; x_wconf 89' lang='lat' dir='ltr'>dominus</span> <span class='ocrx_word' id='word_1_150' title='bbox 1581 2123 1698 2181; x_wconf 92' lang='lat' dir='ltr'>qua</span> <span class='ocrx_word' id='word_1_151' title='bbox 1736 2105 1998 2164; x_wconf 86' lang='lat' dir='ltr'>advocati</span> <span class='ocrx_word' id='word_1_152' title='bbox 2037 2105 2215 2165; x_wconf 88' lang='lat' dir='ltr'>sibilis</span> 
     </span>
    </p>
   </div>
   <div class='ocr_carea' id='block_1_9' title="bbox 306 2192 2217 2374">
    <p class='ocr_par' dir='ltr' id='par_1_9' title="bbox 306 2192 2217 2374">
     <span class='ocr_line' id='line_1_20' title="bbox 306 2192 2217 2279; baseline 0.002 -20"><span class='ocrx_word' id='word_1_153' title='bbox 306 2200 650 2271; x_wconf 58' lang='lat' dir='ltr'>⁴e‹=.›nst:issi;</span> <span class='ocrx_word' id='word_1_154' title='bbox 718 2197 869 2258; x_wconf 73' lang='lat' dir='ltr'>ludis·</span> <span class='ocrx_word' id='word_1_155' title='bbox 910 2192 994 2257; x_wconf 60' lang='lat' dir='ltr'>“A</span> <span class='ocrx_word' id='word_1_156' title='bbox 1076 2199 1260 2259; x_wconf 89' lang='lat' dir='ltr'>llinari</span> <span class='ocrx_word' id='word_1_157' title='bbox 1500 2204 1517 2260; x_wconf 92' lang='lat' dir='ltr'>i</span> <span class='ocrx_word' id='word_1_158' title='bbox 1558 2202 1708 2261; x_wconf 90' lang='lat' dir='ltr'>hilus</span> <span class='ocrx_word' id='word_1_159' title='bbox 1773 2203 2087 2279; x_wconf 85' lang='lat' dir='ltr'>tragoedus</span> <span class='ocrx_word' id='word_1_160' title='bbox 2154 2203 2217 2263; x_wconf 83' lang='lat' dir='ltr'>in</span> 
     </span>
     <span class='ocr_line' id='line_1_21' title="bbox 330 2296 1944 2374; baseline 0.002 -18"><span class='ocrx_word' id='word_1_161' title='bbox 330 2307 598 2357; x_wconf 84' lang='lat' dir='ltr'>nostrum</span> <span class='ocrx_word' id='word_1_162' title='bbox 634 2296 986 2373; x_wconf 89' lang='lat' dir='ltr'>Pompeium</span> <span class='ocrx_word' id='word_1_163' title='bbox 1026 2298 1348 2374; x_wconf 89' lang='lat' dir='ltr'>petulanter</span> <span class='ocrx_word' id='word_1_164' title='bbox 1386 2299 1644 2359; x_wconf 89' lang='lat' dir='ltr'>invectus</span> <span class='ocrx_word' id='word_1_165' title='bbox 1685 2318 1749 2359; x_wconf 87' lang='lat' dir='ltr'>es</span> <span class='ocrx_word' id='word_1_166' title='bbox 1793 2317 1809 2334; x_wconf 93' lang='lat'><strong>·</strong></span> <span class='ocrx_word' id='word_1_167' title='bbox 1941 2320 1944 2323; x_wconf 86' lang='lat'>·</span> 
     </span>
    </p>
   </div>
   <div class='ocr_carea' id='block_1_10' title="bbox 329 2510 1217 2585">
    <p class='ocr_par' dir='ltr' id='par_1_10' title="bbox 329 2510 1217 2585">
     <span class='ocr_line' id='line_1_22' title="bbox 329 2510 1217 2585; baseline -0.001 -15"><span class='ocrx_word' id='word_1_168' title='bbox 329 2510 535 2571; x_wconf 89' lang='lat' dir='ltr'>millies</span> <span class='ocrx_word' id='word_1_169' title='bbox 578 2521 817 2571; x_wconf 87' lang='lat' dir='ltr'>coactus</span> <span class='ocrx_word' id='word_1_170' title='bbox 857 2522 947 2570; x_wconf 88' lang='lat' dir='ltr'>est</span> <span class='ocrx_word' id='word_1_171' title='bbox 987 2511 1217 2585; x_wconf 80' lang='lat' dir='ltr'>dicere3</span> 
     </span>
    </p>
   </div>
   <div class='ocr_carea' id='block_1_11' title="bbox 481 2626 2066 2692">
    <p class='ocr_par' dir='ltr' id='par_1_11' title="bbox 481 2626 2066 2692">
     <span class='ocr_line' id='line_1_23' title="bbox 481 2626 2066 2692; baseline 0.001 -18"><span class='ocrx_word' id='word_1_172' title='bbox 481 2626 689 2674; x_wconf 80' lang='lat' dir='ltr'>Eandem</span> <span class='ocrx_word' id='word_1_173' title='bbox 712 2626 933 2674; x_wconf 80' lang='lat' dir='ltr'>virtutem</span> <span class='ocrx_word' id='word_1_174' title='bbox 967 2627 1104 2672; x_wconf 79' lang='lat' dir='ltr'>istam</span> <span class='ocrx_word' id='word_1_175' title='bbox 1136 2626 1289 2673; x_wconf 85' lang='lat' dir='ltr'>veniet</span> <span class='ocrx_word' id='word_1_176' title='bbox 1323 2636 1504 2688; x_wconf 69' lang='lat' dir='ltr'>tempus</span> <span class='ocrx_word' id='word_1_177' title='bbox 1537 2641 1644 2675; x_wconf 83' lang='lat' dir='ltr'>cum</span> <span class='ocrx_word' id='word_1_178' title='bbox 1677 2627 1878 2692; x_wconf 78' lang='lat' dir='ltr'>graviter</span> <span class='ocrx_word' id='word_1_179' title='bbox 1910 2642 2066 2692; x_wconf 73' lang='lat' dir='ltr'>gemet</span> 
     </span>
    </p>
   </div>
   <div class='ocr_carea' id='block_1_12' title="bbox 331 2725 2216 2999">
    <p class='ocr_par' dir='ltr' id='par_1_12' title="bbox 331 2725 2216 2999">
     <span class='ocr_line' id='line_1_24' title="bbox 331 2725 2216 2803; baseline 0.002 -20"><span class='ocrx_word' id='word_1_180' title='bbox 331 2725 507 2784; x_wconf 90' lang='lat' dir='ltr'>totius</span> <span class='ocrx_word' id='word_1_181' title='bbox 547 2725 769 2784; x_wconf 82' lang='lat' dir='ltr'>theatri</span> <span class='ocrx_word' id='word_1_182' title='bbox 794 2725 1046 2784; x_wconf 87' lang='lat' dir='ltr'>clamore</span> <span class='ocrx_word' id='word_1_183' title='bbox 1097 2725 1239 2784; x_wconf 87' lang='lat' dir='ltr'>dixit</span> <span class='ocrx_word' id='word_1_184' title='bbox 1294 2726 1549 2803; x_wconf 90' lang='lat' dir='ltr'>itemque</span> <span class='ocrx_word' id='word_1_185' title='bbox 1604 2737 1811 2786; x_wconf 90' lang='lat' dir='ltr'>cetera.</span> <span class='ocrx_word' id='word_1_186' title='bbox 1895 2725 2049 2785; x_wconf 85' lang='lat' dir='ltr'>Nam</span> <span class='ocrx_word' id='word_1_187' title='bbox 2092 2727 2216 2787; x_wconf 91' lang='lat' dir='ltr'>eius</span> 
     </span>
     <span class='ocr_line' id='line_1_25' title="bbox 331 2807 2216 2903; baseline 0.003 -23"><span class='ocrx_word' id='word_1_188' title='bbox 331 2807 493 2881; x_wconf 83' lang='lat' dir='ltr'>modi</span> <span class='ocrx_word' id='word_1_189' title='bbox 511 2826 516 2832; x_wconf 85' lang='grc'><em>“</em></span> <span class='ocrx_word' id='word_1_190' title='bbox 533 2834 668 2881; x_wconf 90' lang='lat' dir='ltr'>sunt</span> <span class='ocrx_word' id='word_1_191' title='bbox 706 2824 745 2881; x_wconf 93' lang='lat' dir='ltr'>ii</span> <span class='ocrx_word' id='word_1_192' title='bbox 786 2842 1013 2892; x_wconf 89' lang='lat' dir='ltr'>versus,.</span> <span class='ocrx_word' id='word_1_193' title='bbox 1056 2825 1138 2882; x_wconf 90' lang='lat' dir='ltr'>uti</span> <span class='ocrx_word' id='word_1_194' title='bbox 1181 2825 1241 2882; x_wconf 90' lang='lat' dir='ltr'>in</span> <span class='ocrx_word' id='word_1_195' title='bbox 1281 2833 1514 2901; x_wconf 91' lang='lat' dir='ltr'>tempus</span> <span class='ocrx_word' id='word_1_196' title='bbox 1556 2827 1632 2883; x_wconf 89' lang='lat' dir='ltr'>ab</span> <span class='ocrx_word' id='word_1_197' title='bbox 1672 2825 1908 2884; x_wconf 86' lang='lat' dir='ltr'>inimico</span> <span class='ocrx_word' id='word_1_198' title='bbox 1950 2824 2216 2903; x_wconf 86' lang='lat' dir='ltr'>Pompeii</span> 
     </span>
     <span class='ocr_line' id='line_1_26' title="bbox 331 2906 1826 2999; baseline 0.001 -19"><span class='ocrx_word' id='word_1_199' title='bbox 331 2921 529 2999; x_wconf 90' lang='lat' dir='ltr'>scripti</span> <span class='ocrx_word' id='word_1_200' title='bbox 569 2939 698 2980; x_wconf 88' lang='lat' dir='ltr'>esse</span> <span class='ocrx_word' id='word_1_201' title='bbox 737 2921 1051 2981; x_wconf 87' lang='lat' dir='ltr'>videantur.</span> <span class='ocrx_word' id='word_1_202' title='bbox 1821 2906 1826 2912; x_wconf 39' lang='lat'><strong>⁴</strong></span> 
     </span>
    </p>
   </div>
   <div class='ocr_carea' id='block_1_13' title="bbox 773 3035 1785 3100">
    <p class='ocr_par' dir='ltr' id='par_1_13' title="bbox 773 3035 1785 3100">
     <span class='ocr_line' id='line_1_27' title="bbox 773 3035 1785 3100; baseline 0 -16"><span class='ocrx_word' id='word_1_203' title='bbox 773 3035 818 3084; x_wconf 89' lang='lat' dir='ltr'>Si</span> <span class='ocrx_word' id='word_1_204' title='bbox 852 3051 997 3097; x_wconf 88' lang='lat' dir='ltr'>neque</span> <span class='ocrx_word' id='word_1_205' title='bbox 1028 3037 1153 3099; x_wconf 80' lang='lat' dir='ltr'>leges</span> <span class='ocrx_word' id='word_1_206' title='bbox 1184 3051 1334 3097; x_wconf 85' lang='lat' dir='ltr'>neque</span> <span class='ocrx_word' id='word_1_207' title='bbox 1365 3051 1515 3084; x_wconf 87' lang='lat' dir='ltr'>mores</span> <span class='ocrx_word' id='word_1_208' title='bbox 1547 3045 1785 3100; x_wconf 83' lang='lat' dir='ltr'>cogunt-</span> 
     </span>
    </p>
   </div>
   <div class='ocr_carea' id='block_1_14' title="bbox 331 3133 2218 3508">
    <p class='ocr_par' dir='ltr' id='par_1_14' title="bbox 331 3133 2218 3508">
     <span class='ocr_line' id='line_1_28' title="bbox 331 3133 2213 3212; baseline 0.002 -17"><span class='ocrx_word' id='word_1_209' title='bbox 331 3133 411 3195; x_wconf 86' lang='lat' dir='ltr'>Et</span> <span class='ocrx_word' id='word_1_210' title='bbox 452 3145 643 3194; x_wconf 90' lang='lat' dir='ltr'>cetera</span> <span class='ocrx_word' id='word_1_211' title='bbox 683 3153 902 3212; x_wconf 86' lang='lat' dir='ltr'>magno</span> <span class='ocrx_word' id='word_1_212' title='bbox 959 3154 1095 3194; x_wconf 90' lang='lat' dir='ltr'>cum</span> <span class='ocrx_word' id='word_1_213' title='bbox 1150 3135 1381 3194; x_wconf 87' lang='lat' dir='ltr'>fremitu</span> <span class='ocrx_word' id='word_1_214' title='bbox 1436 3145 1494 3195; x_wconf 93' lang='lat' dir='ltr'>et</span> <span class='ocrx_word' id='word_1_215' title='bbox 1548 3137 1800 3197; x_wconf 89' lang='lat' dir='ltr'>clamore</span> <span class='ocrx_word' id='word_1_216' title='bbox 1858 3149 1992 3198; x_wconf 90' lang='lat' dir='ltr'>sunt</span> <span class='ocrx_word' id='word_1_217' title='bbox 2046 3140 2213 3198; x_wconf 88' lang='lat' dir='ltr'>dieta.</span> 
     </span>
     <span class='ocr_line' id='line_1_29' title="bbox 333 3233 2217 3309; baseline 0.001 -16"><span class='ocrx_word' id='word_1_218' title='bbox 333 3233 552 3294; x_wconf 87' lang='lat' dir='ltr'>Caesar</span> <span class='ocrx_word' id='word_1_219' title='bbox 613 3250 745 3291; x_wconf 90' lang='lat' dir='ltr'>cum</span> <span class='ocrx_word' id='word_1_220' title='bbox 803 3234 1054 3291; x_wconf 87' lang='lat' dir='ltr'>venisset</span> <span class='ocrx_word' id='word_1_221' title='bbox 1110 3241 1344 3291; x_wconf 89' lang='lat' dir='ltr'>mortuo</span> <span class='ocrx_word' id='word_1_222' title='bbox 1399 3233 1623 3309; x_wconf 91' lang='lat' dir='ltr'>plausu,</span> <span class='ocrx_word' id='word_1_223' title='bbox 1689 3234 1865 3295; x_wconf 88' lang='lat' dir='ltr'>Curio</span> <span class='ocrx_word' id='word_1_224' title='bbox 1921 3236 2069 3294; x_wconf 91' lang='lat' dir='ltr'>filius</span> <span class='ocrx_word' id='word_1_225' title='bbox 2128 3247 2217 3295; x_wconf 92' lang='lat' dir='ltr'>est</span> 
     </span>
     <span class='ocr_line' id='line_1_30' title="bbox 333 3329 2218 3408; baseline 0.002 -19"><span class='ocrx_word' id='word_1_226' title='bbox 333 3332 670 3390; x_wconf 79' lang='lat' dir='ltr'>insecutus:</span> <span class='ocrx_word' id='word_1_227' title='bbox 739 3329 872 3388; x_wconf 88' lang='lat' dir='ltr'>huic</span> <span class='ocrx_word' id='word_1_228' title='bbox 936 3331 1014 3389; x_wconf 91' lang='lat' dir='ltr'>ita</span> <span class='ocrx_word' id='word_1_229' title='bbox 1071 3331 1338 3407; x_wconf 88' lang='lat' dir='ltr'>plausum</span> <span class='ocrx_word' id='word_1_230' title='bbox 1401 3341 1503 3403; x_wconf 89' lang='lat' dir='ltr'>est,</span> <span class='ocrx_word' id='word_1_231' title='bbox 1545 3342 1611 3391; x_wconf 90' lang='lat' dir='ltr'>ut</span> <span class='ocrx_word' id='word_1_232' title='bbox 1665 3332 1821 3391; x_wconf 88' lang='lat' dir='ltr'>salva</span> <span class='ocrx_word' id='word_1_233' title='bbox 1868 3351 1929 3391; x_wconf 91' lang='lat' dir='ltr'>re</span> <span class='ocrx_word' id='word_1_234' title='bbox 1983 3334 2218 3408; x_wconf 91' lang='lat' dir='ltr'>publica</span> 
     </span>
     <span class='ocr_line' id='line_1_31' title="bbox 335 3410 2217 3508; baseline 0.002 -20"><span class='ocrx_word' id='word_1_235' title='bbox 335 3410 622 3507; x_wconf 80' lang='lat' dir='ltr'>Pompeio</span> <span class='ocrx_word' id='word_1_236' title='bbox 664 3428 862 3505; x_wconf 91' lang='lat' dir='ltr'>plaudi</span> <span class='ocrx_word' id='word_1_237' title='bbox 889 3423 1144 3490; x_wconf 60' lang='lat' dir='ltr'>‘solebatss</span> <span class='ocrx_word' id='word_1_238' title='bbox 1228 3426 1390 3490; x_wconf 91' lang='lat' dir='ltr'>Tulit</span> <span class='ocrx_word' id='word_1_239' title='bbox 1426 3429 1643 3490; x_wconf 90' lang='lat' dir='ltr'>Caesar</span> <span class='ocrx_word' id='word_1_240' title='bbox 1678 3430 1957 3508; x_wconf 84' lang='lat' dir='ltr'>graviter:</span> <span class='ocrx_word' id='word_1_241' title='bbox 1998 3432 2217 3492; x_wconf 87' lang='lat' dir='ltr'>litterae</span> 
     </span>
    </p>
   </div>
  </div>
 </body>
</html>
