2642 3925
479 276 603 338 242
811 243 815 247 ⁵
1036 274 1115 323 Μ.
1168 273 1402 340 TULLJJ
1446 274 1825 323 CICERONIS
2136 259 2277 342 [Pars
2305 271 2363 329 v.

473 438 666 488 vestro
720 449 879 490 anno
933 431 1115 490 filium
1170 451 1342 492 suum
1396 432 1697 492 consulem
1752 432 2007 492 futurum
2061 438 2226 506 putet
2286 428 2366 487 ob

475 546 723 612 eamque
766 547 1003 588 causam
1046 549 1108 589 se
1148 530 1284 589 huic
1327 531 1532 591 latroni
1573 532 1857 590 deservire
1907 547 2043 605 prae
2091 546 2156 586 se
2203 527 2364 585 ferat.

478 642 533 699 3.
576 624 733 683 Nam
776 624 845 684 L.
881 624 1056 685 Cotta
1096 626 1390 686 familiaris
1430 646 1595 687 meus
1637 627 1792 686 fatali
1833 626 2086 704 quadam
2128 624 2365 699 desper-

476 723 688 793 atione,
746 733 808 782 ut
873 724 970 795 ait,
1025 725 1219 785 minus
1282 725 1345 783 in
1412 736 1677 785 senatum
1741 726 1933 796 venit;
2003 722 2073 781 L.
2129 722 2364 791 Caesar,

474 822 733 895 optimus
779 811 856 880 et¹
889 821 1234 882 fortissimus
1282 823 1439 895 civiS,
1479 823 1806 882 valetudine
1846 822 2188 899 impeditum
2239 819 2365 879 Ser.

480 917 769 994 Sulpicius
810 927 868 977 et
915 938 1147 980 summa
1193 922 1533 981 auctoritate
1579 932 1637 980 et
1684 921 1905 997 optime
1946 919 2200 979 sentiens
2242 935 2365 975 non

476 1016 661 1075 adest.
744 1016 1029 1093 Reliquos
1069 1018 1327 1094 exceptis
1373 1019 1687 1095 designatis
1727 1021 1967 1094 ignosce
1993 1016 2136 1074 mihi
2163 1016 2210 1074 si
2239 1032 2364 1073 non

475 1132 723 1173 numero
751 1115 1103 1174 consulares.
1187 1115 1393 1175 Habes
1422 1128 1686 1175 auctores
1716 1116 1940 1176 consilii
1972 1113 2220 1193 publici:
2263 1113 2365 1190 qui

474 1230 755 1271 numerus
796 1214 971 1271 etiam
1019 1213 1191 1272 bonis
1239 1216 1414 1273 rebus
1464 1216 1709 1291 exiguus
1755 1225 1925 1285 esset,
1968 1212 2107 1289 quid
2153 1229 2366 1270 censes

477 1309 755 1385 perditis?
797 1329 915 1386 qua
956 1330 1018 1369 re
1060 1329 1196 1388 spes
1238 1323 1327 1371 est
1368 1314 1563 1371 omnis
1602 1314 1663 1370 in
1702 1312 1884 1383 vobis,
1914 1312 2013 1388 qui
2055 1311 2105 1370 si
2144 1310 2364 1368 idcirco

476 1409 711 1478 abestis,
738 1417 804 1466 ut
842 1409 962 1466 sitis
1000 1409 1060 1467 in
1098 1418 1240 1481 tuto,
1269 1428 1346 1469 ne
1387 1410 1449 1468 in
1486 1411 1652 1468 vobis
1692 1410 1928 1486 quidem
1955 1428 1969 1467 z
2014 1409 2103 1466 sin
2145 1406 2366 1483 aliquid

477 1506 719 1581 dignum
752 1515 942 1565 vestra
974 1506 1159 1581 gloria
1192 1508 1479 1583 cogitatis,
1507 1508 1681 1565 velim
1719 1508 1887 1566 salvis
1925 1506 2098 1564 nobis
2114 1524 2131 1578 ;
2176 1506 2269 1563 sin
2304 1505 2367 1562 id

473 1603 686 1673 minus,
715 1620 807 1662 res
847 1613 1045 1662 tamen
1072 1605 1307 1681 publica
1334 1624 1439 1682 per
1465 1622 1570 1664 vos
1598 1606 1754 1663 brevi
1781 1616 2044 1680 tempore
2073 1604 2162 1661 ius
2191 1620 2365 1662 suum

473 1702 830 1778 reciperabit.
911 1700 1045 1777 Ego
1096 1703 1209 1761 tuis
1257 1721 1452 1780 neque
1501 1704 1707 1762 desum
1762 1720 1955 1781 neque
2002 1702 2220 1761 deero:
2263 1702 2366 1776 qui

473 1799 592 1858 sive
640 1799 716 1857 ad
763 1818 874 1874 me⁴
907 1800 1156 1859 referent
1202 1801 1318 1858 sive
1363 1821 1473 1860 non
1525 1803 1778 1877 refirmt,
1820 1819 1954 1860 mea
2006 1800 2110 1859 tibi
2162 1809 2364 1858 tamen

473 1897 874 1956 benevolentia
914 1898 1175 1976 fidesque
1216 1899 1615 1976 praestabitur.
1697 1898 1862 1959 Vale.

831 2050 965 2107 119.
1044 2046 1161 2106 AD
1202 2046 1707 2107 FAMILIARES
1748 2047 1885 2108 XII.
1926 2067 2022 2125 23.

656 2159 793 2225 ScR.
824 2159 1043 2222 Rom
1085 2179 1271 2223 namo
1310 2180 1501 2222 MENSE
1541 2162 1808 2223 Oc‘romu
1848 2182 2016 2225 A.u.c.
2047 2180 2189 2241 710.

1055 2286 1262 2329 crcan
1302 2287 1629 2329 commem
1667 2286 1792 2329 su..

559 2398 614 2442 1.
668 2379 896 2440 Omnm
953 2381 1369 2441 condicionem
1421 2382 1648 2458 imperii
1701 2382 1784 2441 tui
1837 2391 2168 2459 statumque
2223 2404 2362 2461 pro-

474 2479 695 2538 vinciae
738 2477 881 2535 mihi
928 2477 1344 2538 demonstravit
1389 2478 1709 2539 Tratorius,
1789 2477 1848 2539 O
1896 2481 2078 2538 multa
2122 2483 2361 2542 intoler-

473 2577 647 2636 abilia
672 2575 818 2635 locis
846 2576 1153 2634 omnibus!
1224 2576 1342 2634 Sed
1371 2595 1489 2653 quo
1523 2587 1624 2635 tua
1654 2577 1841 2636 maior
1867 2577 2117 2652 dignitas
2143 2587 2235 2650 est,
2264 2600 2358 2653 e0,

472 2694 624 2754 quae
652 2674 753 2732 tibi
781 2674 1130 2745 acciderunt,
1159 2674 1353 2733 minus
1381 2674 1653 2746 ferenda;
1695 2692 1885 2751 neque
1912 2676 2086 2746 enim,
2114 2693 2268 2751 quae
2295 2690 2361 2738 tu
2424 2739 2436 2753 ‚

471 2781 707 2850 propter
738 2771 1202 2849 magnitudinem
1238 2781 1299 2830 et
1334 2772 1512 2830 animi
1546 2778 1601 2830 et
1630 2772 1848 2847 ingenii
1883 2773 2184 2832 moderate
2223 2774 2379 2847 serS‚·

471 2889 541 2930 ea
568 2889 692 2929 non
718 2869 1054 2928 ulciscenda
1078 2877 1231 2938 sunt,
1260 2870 1438 2926 etiam
1465 2870 1514 2927 si
1547 2887 1671 2927 non
1709 2878 1843 2927 sunt
1883 2869 2153 2930 dolenda.
2238 2871 2362 2931 Sed

472 2968 619 3027 haec
673 2968 979 3043 posterius,
1078 2985 1131 3026 2.
1189 2965 1410 3024 Rerum
1463 2967 1812 3024 urbanarum
1867 2975 1998 3025 acta
2050 2968 2155 3026 tibi
2209 2970 2359 3029 mitti

474 3073 632 3122 certo
682 3064 845 3137 sci03
894 3063 1057 3140 quod
1098 3064 1161 3122 ni
1203 3064 1281 3122 ita
1320 3074 1604 3140 putarem,
1645 3065 1772 3140 ipse
1820 3065 2254 3140 perscriberem,
2298 3068 2360 3124 in

473 3161 788 3236 primisque
824 3159 1089 3220 Caesaris
1132 3159 1440 3220 Octaviani
1481 3170 1794 3234 conatum;
1838 3161 1911 3219 de
1944 3179 2063 3238 quo
2102 3164 2362 3223 multitu-

475 3258 595 3316 dini
636 3258 835 3316 fictum
876 3259 953 3316 ab
992 3258 1256 3317 Antonio
1299 3258 1520 3317 crimen
1559 3257 1801 3329 videtur,
1842 3269 1906 3316 ut
1946 3259 2008 3316 in
2048 3263 2359 3336 pecuniam

476 3354 860 3413 adulescentis
907 3355 1189 3430 impetum
1231 3354 1477 3426 faceret;
1527 3355 1842 3432 prudentes
1883 3365 2079 3414 autem
2121 3367 2181 3416 et
2220 3359 2358 3416 boni

476 3451 580 3509 viri
607 3459 665 3509 et
689 3451 933 3511 credunt
958 3451 1174 3512 sactum
1200 3463 1259 3511 et
1294 3454 1564 3530 probant.
1645 3451 1805 3526 Quid
1833 3455 2100 3533 quaeris?
2140 3473 2357 3532 magna
