2642 3925
323 264 410 327 Ep.
430 245 544 335 63.]
762 262 988 318 Eprsr.
1026 259 1128 311 AD
1147 296 1150 300 .
1168 259 1213 311 Α
1226 261 1653 321 πιουωτωε
1688 268 1792 319 10.
2088 265 2216 337 5153

320 417 673 493 cogitabam,
700 419 908 476 urbem
936 427 1130 477 autem
1168 429 1225 478 et
1252 418 1549 496 populum
1576 428 1837 482 nostrum
1858 419 2211 479 servandum

319 514 398 574 ad
439 515 944 584 immortalitatem,
976 528 1260 592 quantum
1303 517 1363 575 in
1404 519 1575 576 nobis
1618 527 1787 588 esset,
1830 518 2127 594 putabam,
2154 528 2213 576 et

319 625 519 678 tamen
554 630 690 689 spes
727 613 1020 689 quaedam
1060 634 1157 674 me
1190 616 1526 674 oblectabat·
1554 615 1698 686 fore,
1723 626 1788 675 ut
1823 616 2037 691 aliquid
2073 634 2212 676 con-

317 712 540 778 veniret
576 711 789 787 potiuS‚
818 728 995 787 quam
1034 723 1133 770 aut
1169 712 1265 772 hic
1307 722 1532 771 tanturn
1570 712 1800 771 sceleris
1828 722 1930 771 aut
1964 713 2056 771 ille
2084 723 2213 771 tan-

319 819 446 868 tum
473 808 676 884 flagitii
705 808 1050 867 admitteret.
1136 810 1270 868 Alia
1296 828 1390 868 res
1428 828 1588 868 nunc
1623 820 1745 869 tota
1772 823 1876 881 est,
1907 810 2018 869 alia
2045 828 2213 869 mens

320 924 488 966 mea:
531 906 637 977 sol,
665 916 728 966 ut
765 917 855 970 est
895 907 957 964 in
998 916 1099 966 tua
1125 907 1379 983 quadam
1408 906 1669 983 epistola,
1697 908 1979 966 excidisse
2007 907 2161 966 mihi·
2178 926 2212 965 e

319 1004 548 1062 mundo
592 1003 830 1063 videtur.
916 1002 1001 1061 Ut
1040 1016 1300 1080 aegroto,
1342 1005 1483 1066 dum
1525 1005 1721 1062 anima
1761 1014 1867 1076 est,
1905 1023 2041 1081 spes
2081 1022 2212 1064 esse

322 1102 547 1171 dicitur,
588 1101 673 1161 sic
714 1118 848 1177 ege,
891 1101 1089 1177 quoad
1125 1102 1446 1177 ‘Pompeius
1487 1102 1549 1161 in
1604 1102 1770 1160 Italia
1814 1102 1951 1172 fuit,·
1978 1121 2213 1179 sperare

321 1215 446 1258 non
503 1199 694 1257 destiti
715 1212 747 1257 ε’
789 1199 936 1258 haec
991 1217 1089 1257 me
1128 1199 1469 1271 fefellerunt,
1518 1208 1592 1270 et,
1636 1210 1701 1258 ut
1742 1218 1941 1259 verum
1989 1201 2212 1277 loquar,

319 1305 481 1355 aetas
510 1298 626 1364 iam
655 1315 690 1355 a
718 1296 1001 1356 diuturnis
1040 1296 1337 1356 laboribus
1366 1297 1586 1356 devexa
1614 1299 1688 1357 ad
1720 1299 1902 1357 otium
1932 1299 2214 1358 domesti-

321 1412 520 1453 carum
576 1412 671 1460 me
726 1412 918 1453 rerum
967 1394 1345 1454 delectatione
1401 1395 1658 1454 mollivit.
1769 1394 1962 1468 Nune,
2019 1396 2068 1455 si
2122 1396 2212 1454 vel

320 1492 646 1569 periculose
715 1492 1137 1568 experiundum
1196 1493 1320 1563 erit,
1376 1494 1642 1570 experiar
1706 1504 1880 1565 certe,
1943 1502 2007 1554 ut
2072 1494 2213 1552 hinc

320 1590 565 1658 avolem.
649 1590 807 1649 Ante
855 1592 1112 1667 oportuit
1158 1590 1443 1664 sortasse3
1508 1592 1611 1650 sed
1661 1609 1749 1662 ea,
1793 1610 1943 1667 quae
1993 1592 2212 1669 scripsi,

320 1704 421 1748 me
468 1688 764 1750 tardarunt
807 1697 876 1747 etv
914 1692 1225 1750 auctoritas
1277 1689 1534 1748 maxime
1575 1700 1691 1772 tua.
1775 1708 1832 1761 4.
1877 1687 2033 1747 Nam
2074 1707 2211 1748 cum

319 1786 402 1846 ad
456 1785 614 1844 hunc
667 1785 865 1844 locum
917 1787 1222 1857 venissem,
1279 1787 1463 1845 evolvi
1508 1787 1785 1844 volumen
1839 1786 2212 1862 epistolarum

319 1895 569 1954 tuarum,
613 1883 774 1960 quod
819 1901 933 1960 ego
976 1884 1078 1941 sub
1124 1884 1300 1958 signo
1336 1884 1529 1942 habeo
1572 1901 1853 1960 servoque
1897 1883 2212 1959 diligentis·

320 1983 485 2052 sime.
567 1981 708 2040 Erat
748 1982 920 2057 igitur
960 1983 1020 2040 in
1063 2000 1150 2052 ea,
1179 2000 1356 2057 quam
1398 2001 1454 2041 x.
1487 1981 1564 2040 K.
1595 1982 1765 2042 Febr.
1791 1981 2052 2053 dederaS,
2094 1981 2210 2041 hoc

319 2081 541 2140 modo:
609 2079 747 2139 ‘sed
801 2080 1117 2150 videamus,
1173 2090 1231 2149 et
1289 2079 1530 2139 Gnaeus
1578 2078 1720 2155 quid
1766 2090 1903 2154 agat
1949 2088 2007 2137 et
2061 2078 2208 2138 illius

317 2178 575 2246 rationes
606 2194 894 2253 quorsum
934 2176 1118 2234 fluant
1134 2191 1160 2234 z·
1199 2177 1362 2252 quod
1401 2178 1447 2236 si
1490 2177 1598 2235 iste
1640 2176 1867 2235 Italiam
1907 2176 2207 2252 relinquet,

319 2275 495 2334 faciet
522 2275 768 2333 omnino
795 2274 949 2352 male
975 2285 1048 2345 et,
1068 2284 1132 2332 ut
1153 2292 1267 2349 ego
1288 2275 1577 2344 existimo,
1599 2276 1916 2348 ἀλογίστως
1955 2274 2207 2353 sedtum

319 2373 560 2431 demum
598 2372 838 2431 consilia
873 2382 1075 2431 nostra
1100 2373 1521 2431 commutanda
1548 2370 1750 2432 erunt!
1834 2371 1974 2431 Hoc
2003 2373 2205 2432 scribis

318 2482 459 2547 post
499 2470 654 2528 diem
695 2479 981 2546 quartum,
1009 2487 1187 2544 quam
1228 2470 1304 2527 ab
1332 2471 1476 2529 urbe
1506 2470 1891 2529 discessimus.
1978 2469 2210 2530 Deinde

320 2586 444 2626 vm.
465 2565 543 2627 K.
567 2566 731 2625 Febr.
758 2584 773 2625 τ
816 2571 832 2598 ‘
853 2576 1076 2625 tantum
1105 2568 1287 2625 modo
1316 2566 1558 2628 Gnaeus
1579 2579 1777 2626 noster
1797 2586 1888 2638 ne,
1908 2577 1969 2626 ut
2005 2571 2208 2626 urbem

320 2661 616 2737 ἀλογίστως
643 2664 886 2739 reliquit,
913 2665 997 2722 sic
1040 2662 1266 2722 Italiam
1304 2663 1621 2739 relinquat!
1704 2663 1932 2726 Eodem
1971 2664 2065 2722 die
2102 2666 2208 2724 das

322 2760 531 2833 alteras
571 2761 805 2833 litteraS,
833 2762 1044 2838 quibus
1074 2761 1215 2819 mihi
1245 2763 1572 2822 consulenti
1601 2760 1935 2838 planissime
1964 2779 2208 2837 respon-

321 2860 453 2932 des;
495 2869 583 2918 est
610 2860 767 2918 enim
789 2860 898 2920 sic:
941 2860 1071 2919 ‘sed
1099 2860 1270 2918 venio
1298 2860 1372 2919 ad
1392 2859 1875 2918 consultationem
1905 2868 2079 2917 tuam.
2148 2859 2209 2918 Si

322 2954 564 3017 Gnaeus
585 2956 753 3014 Italia
780 2956 948 3028 cedit,
965 2957 1026 3015 in
1048 2957 1250 3015 urbem
1277 2956 1640 3015 redeundum
1662 2965 1841 3032 puto;
1884 2973 2033 3031 quae
2050 2956 2208 3015 enirn

321 3055 455 3113 finis
482 3054 966 3130 peregrinationis
981 3053 1030 3112 Γ
1075 3054 1214 3113 Hoc
1242 3053 1384 3112 mihi
1426 3053 1599 3130 plane
1625 3052 1826 3125 haesit,
1856 3063 1914 3111 et
1941 3071 2098 3112 nunc
2126 3055 2207 3112 ita

320 3152 507 3223 video,
539 3151 825 3209 infinitum
852 3152 1068 3210 bellum
1098 3153 1357 3210 iunctum
1387 3151 1707 3210 miserrima
1742 3150 1897 3226 fuga,
1927 3168 2107 3227 quam
2144 3161 2208 3210 tu

321 3248 850 3327 peregrinationem
905 3249 1195 3323 ὑποκορίςῃ.
1283 3264 1339 3322 5.
1387 3249 1655 3327 Sequitur
1707 3252 1941 3322 χρησμὸς
1994 3266 2072 3307 v1.
2118 3246 2201 3307 K.

320 3347 699 3408 Februarias:
741 3351 757 3378 ⁸
775 3365 905 3423 ego,
935 3347 985 3406 si
1022 3346 1337 3423 Pompeius
1371 3358 1565 3406 manet
1592 3349 1652 3405 in
1681 3346 1845 3405 Italia
1872 3364 1982 3404 nee
2008 3364 2101 3404 res
2129 3346 2205 3405 ad

320 3445 655 3528 pactionem
703 3444 885 3516 venit,
914 3444 1145 3523 longius
1191 3444 1409 3503 bellum
1448 3454 1593 3523 puto
1631 3443 1798 3519 fore3
1846 3445 1937 3505 sin
1976 3445 2203 3506 Italiam
