2642 3925
462 245 498 302 ά
511 259 535 301 1
549 239 585 300 8
1006 250 1082 299 M.
1136 248 1376 298 TULLII
1416 249 1794 298 CICERONIS
2070 238 2228 321 [Pars.
2262 243 2359 298 iv}

459 404 636 479 idque
677 409 741 458 ut
783 399 958 458 facias
999 416 1177 475 quam
1217 399 1572 476 saepissime,
1616 409 1679 458 ut
1720 410 1779 458 et
1819 400 1962 477 quid
2004 409 2066 459 tu
2107 417 2253 476 agas
2296 410 2365 460 et

461 501 602 580 quid
631 509 832 575 agatur
861 498 1005 556 scire
1033 495 1256 574 possim
1284 507 1344 556 et
1370 499 1544 556 etiam
1563 498 1704 576 quid
1732 508 1964 557 acturus
1986 499 2083 570 sis,
2100 499 2270 558 valde
2298 510 2363 558 te

461 615 627 675 rogo.
713 595 840 655 Etsi
880 596 1187 672 periniquo
1229 596 1491 672 patiebar
1532 598 1731 655 animo
1770 606 1829 656 te
1877 615 1915 655 a
1960 615 2059 656 me
2107 597 2361 672 digredi,

462 711 660 756 tamen
697 712 771 754 eo
805 704 1068 771 tempore
1106 712 1201 752 me
1244 693 1609 764 consolabar,
1651 694 1811 771 quod
1852 705 1912 753 et
1953 695 2013 752 in
2056 713 2361 753 summum

461 796 647 856 otium
673 803 729 852 te
756 793 838 851 ire
866 793 1180 851 arbitrabar
1206 801 1264 850 et
1291 792 1369 849 ab
1395 793 1866 868 impendentibus
1898 794 2128 869 magnis
2168 810 2363 868 nego-

463 895 554 953 tiis
609 891 942 951 discedere:
986 898 1292 965 utrumque
1351 899 1553 948 contra
1608 891 1854 963 accidit:
1916 909 1969 950 a.
2010 890 2140 949 istic
2194 891 2361 949 enim

463 991 677 1050 bellurn
718 998 807 1047 est
847 996 1130 1051 exortum,
1175 988 1268 1045 hic
1309 1006 1427 1064 pax
1470 998 1805 1061 consecuta,
1844 988 1948 1047 sed
1984 997 2187 1047 tamen
2228 990 2363 1048 eius

463 1089 627 1147 modi
655 1105 789 1164 pax,
818 1086 877 1143 in
905 1103 1038 1163 qua,
1068 1085 1115 1144 si
1143 1085 1399 1157 adesseS,
1428 1085 1611 1144 multa
1639 1096 1696 1144 te
1722 1104 1845 1144 non
1883 1081 2254 1156 delectarent,
2286 1105 2365 1146 ea

463 1197 680 1256 tamen,
707 1201 858 1259 quae
886 1201 961 1241 ne
989 1182 1182 1259 ipsum
1211 1183 1525 1242 Caesarem
1554 1183 1791 1261 quidem
1820 1183 2140 1255 delectant;
2171 1185 2365 1243 bello-

464 1283 778 1344 rum-enim
807 1281 1054 1339 civilium
1080 1282 1118 1340 ii
1145 1299 1379 1358 semper
1404 1283 1591 1339 exitus
1620 1290 1773 1352 sunt,
1800 1291 1863 1338 ut
1892 1297 2016 1339 non
2053 1299 2125 1340 ea
2162 1282 2365 1340 solum

466 1383 625 1454 fiant,
653 1399 802 1457 quae
834 1379 967 1438 velit
1004 1380 1204 1451 victor,
1235 1380 1340 1438 sed
1373 1381 1567 1450 etiam,
1595 1388 1660 1436 ut
1688 1379 1756 1437 iis
1782 1396 1914 1437 mos
1942 1379 2237 1454 gerendus
2270 1381 2365 1452 sit,

467 1480 677 1556 quibus
719 1478 1077 1539 adiutoribus
1119 1478 1192 1536 sit
1235 1487 1399 1554 parta
1429 1476 1696 1534 ·victoria.
1778 1474 2072 1551 Equidem
2113 1477 2199 1535 sic
2240 1476 2366 1535 iam

467 1577 731 1647 obdurui,
773 1584 837 1635 ut
877 1574 1027 1633 ludis
1076 1574 1343 1633 Caesaris
1392 1573 1575 1632 nostri
1626 1573 1823 1631 animo
1872 1573 2229 1649 aequissimo
2280 1576 2367 1633 vi·—

467 1675 666 1734 derem
702 1673 778 1732 T.
812 1673 1113 1744 Plancum,
1143 1673 1405 1730 audirem
1442 1670 1673 1730 Laberii
1710 1680 1769 1730 et
1810 1670 2035 1730 Publilii
2064 1679 2363 1748 poemata.

471 1772 629 1832 Nihil
657 1772 797 1831 mihi
825 1783 944 1829 tam
974 1771 1176 1829 deesse
1205 1771 1353 1828 scito
1376 1788 1553 1846 quam
1574 1771 1808 1845 quicum
1836 1768 1983 1828 haec
2011 1769 2368 1828 familiariter

471 1873 758 1950 docteque
807 1869 1062 1929 rideam:
1110 1869 1162 1927 is
1207 1879 1270 1926 tu
1317 1869 1447 1934 eris,
1479 1868 1525 1925 si
1575 1886 1753 1945 quam
1801 1868 2053 1943 primum
2101 1869 2364 1940 veneris:

471 1971 632 2048 quod
672 1980 737 2031 ut
779 1968 974 2041 facias,
1001 1982 1126 2027 non
1165 1985 1301 2027 mea
1342 1966 1547 2038 solum,
1586 1966 1690 2025 sed
1732 1966 1906 2025 etiarn
1948 1977 2049 2025 tua
2084 1966 2367 2025 interesse

471 2069 732 2128 arbitror.

859 2220 994 2276 104.
1073 2214 1190 2275 AD
1230 2212 1625 2273 ATTICUM
1666 2212 1837 2274 xm.
1880 2227 1979 2287 52.

476 2330 608 2389 ScR.
645 2348 710 2389 m
761 2328 1123 2391 Pumommo
1161 2347 1218 2387 A·
1247 2346 1304 2387 n.
1334 2346 1447 2387 x1v.
1479 2326 1636 2386 ΚΑΙ..
1666 2327 1984 2387 Inruimus
2026 2344 2193 2388 A.11.c.
2226 2340 2363 2404 709.

711 2426 715 2430 ’
1080 2452 1286 2495 c1cERo
1329 2452 1542 2494 unco
1582 2451 1706 2493 su..

562 2569 614 2610 1.
662 2550 720 2611 O
775 2567 1062 2611 nosrmm
1118 2548 1261 2606 mihi
1316 2559 1440 2607 tam
1496 2566 1736 2623 gravem
1791 2547 2205 2619 ἀμεταμέλητονι
2260 2548 2367 2611 fuit

474 2649 631 2709 enim
688 2638 1078 2726 periucunde.'
1154 2646 1271 2704 Sed
1324 2664 1459 2705 cum
1508 2645 1781 2704 secundis
1836 2642 2233 2705 Saturnalibus
2289 2648 2370 2707 ad

476 2747 807 2825 Philippum
836 2745 1062 2822 vesperi
1089 2745 1358 2814 venisset,
1376 2744 1507 2801 villa
1534 2743 1613 2804 ita
1639 2741 1929 2818 completa
1954 2742 2232 2802 militibus
2260 2756 2365 2816 est,

475 2854 542 2903 ut
567 2845 663 2903 vix
689 2844 1020 2913 triclinium,
1047 2842 1150 2901 ubi
1179 2850 1490 2900 cenaturus
1515 2840 1642 2915 ipse
1671 2838 1889 2899 Caesar
1916 2847 2086 2909 esset,
2104 2852 2364 2915 vacaret:

478 2943 696 3019 quippe
752 2940 1056 2999 hominum
1111 2954 1202 3000 cra
1255 2951 1361 2999 cm'.
1447 2938 1600 2996 Sane
1655 2954 1786 2995 sum
1835 2947 2185 3007 commotus,
2229 2940 2370 3015 quid

480 3040 731 3098 futurum
760 3048 913 3097 esset
940 3037 1232 3115 postridie,
1261 3055 1331 3095 ac
1368 3035 1509 3092 mihi
1553 3034 1747 3094 Barba
1788 3032 2024 3093 Cassius
2066 3036 2367 3096 subvenit:

479 3137 752 3195 custodes
790 3135 966 3194 dedit.
1050 3132 1256 3193 Castra
1296 3134 1358 3191 in
1400 3151 1580 3209 agr03
1622 3132 1755 3190 villa
1796 3131 2036 3191 defensa
2076 3142 2181 3192 est.
2264 3135 2369 3195 Ille

480 3234 657 3293 tertiis
689 3230 1084 3289 Saturnalibus
1113 3230 1271 3306 apud
1299 3230 1631 3307 Philippum
1671 3231 1745 3289 ad
1782 3230 1840 3288 h.
1870 3249 1988 3301 vn„
2017 3250 2369 3309 nec.quem·

482 3348 660 3405 quarn
689 3327 952 3386 admisit:
994 3328 1246 3385 rationes
1289 3328 1501 3402 opinor
1541 3346 1675 3386 cum
1720 3328 1941 3401 Balb03
1983 3329 2123 3388 inde
2164 3331 2369 3389 ambu-

484 3424 618 3488 lavit
645 3423 706 3481 in
743 3423 922 3481 litore.
1008 3420 1149 3482 Post
1184 3424 1242 3483 h.
1270 3442 1392 3483 vm.
1422 3427 1481 3483 in
1518 3425 1833 3499 balneum3
1876 3436 2002 3486 tum
2040 3427 2257 3486 audivit
2293 3428 2369 3489 de
