2642 3925
465 232 586 313 176
1001 245 1081 296 M.
1133 246 1379 294 TULLII
1409 246 1624 296 crem
1632 247 1797 295 oms
2092 233 2226 318 [Pars
2257 247 2348 298 11-1.

457 395 805 473 Pompeium
851 413 962 453 nec
1009 394 1265 453 nominis
1308 396 1397 454 sui
1442 414 1552 455 nec
1592 414 1787 455 rerum
1828 406 2119 472 gestarum
2160 396 2347 471 gloria

456 511 648 570 neque
677 493 849 550 etiam
878 509 1083 567 regum
1111 509 1181 550 ac
1209 492 1516 550 nationum
1544 493 1840 563 clienteliS,
1871 511 2017 569 quas
2057 502 2346 554 ostentare

458 591 663 650 crebro
705 590 943 659 solebat,
987 607 1116 647 esse
1166 597 1370 659 tutum,
1414 601 1474 648 et
1527 590 1643 649 hoc
1699 591 1889 656 etiam,
1933 590 2093 667 quod
2140 590 2343 647 infimo

457 689 668 764 cuique
722 686 982 762 contigit,
1037 685 1117 743 illi
1170 703 1294 745 non
1350 702 1526 763 posse
1581 687 1935 762 contingere,
1985 697 2049 745 ut
2100 687 2345 747 honeste

457 785 714 861 effugere
768 784 970 860 possit,
1025 782 1196 859 pulso
1262 782 1444 856 Italia,
1502 785 1728 843 amissis
1793 784 2114 860 HispaniiS,
2170 794 2345 861 capto

457 882 712 940 exercitu
763 890 1054 950 veteram,
1112 879 1540 939 circumvallato
1597 898 1754 939 nunc
1819 880 2108 957 denique3
2181 879 2346 958 quod

458 979 657 1039 nescio
711 996 790 1036 an
844 976 983 1033 nulli
1047 994 1328 1051 umquam
1392 988 1596 1036 nostro
1658 978 1929 1036 acciderit
1997 979 2345 1057 imperatori.

458 1076 654 1148 Quam
682 1077 761 1133 ob
790 1092 931 1143 rem,
961 1073 1102 1150 quid
1129 1085 1227 1132 aut
1255 1074 1347 1132 ille
1377 1092 1610 1151 sperare
1638 1076 1824 1152 possit
1853 1087 1951 1134 aut
1982 1088 2059 1147 tu,
2081 1078 2342 1137 animum

458 1174 690 1232 adverte
731 1188 840 1248 pro
881 1179 981 1229 tua
1023 1169 1359 1246 prudentia3
1402 1171 1485 1230 sic
1528 1172 1685 1230 enim
1727 1171 1993 1232 facillime
2035 1174 2198 1251 quod
2238 1178 2342 1236 tibi

455 1277 819 1338 utilissimum
849 1277 953 1334 erit
983 1276 1209 1335 consilii
1237 1277 1451 1352 capies.
1532 1276 1684 1336 Illud
1712 1288 1907 1336 autem
1934 1299 1971 1336 a
2002 1289 2057 1336 te
2087 1288 2241 1355 pete,
2263 1294 2346 1353 ut,

459 1378 507 1436 si
555 1378 671 1435 iam
718 1375 810 1432 ille
860 1373 1148 1431 evitaverit
1193 1371 1310 1433 hoc
1358 1374 1678 1450 periculum
1725 1383 1785 1432 et
1834 1394 1897 1435 se
1946 1376 2230 1436 abdiderit
2284 1381 2345 1439 in

456 1474 719 1544 classem,
762 1482 826 1530 tu
865 1470 978 1530 tuis
1017 1465 1191 1529 reb'us
1232 1470 1503 1530 consulas
1544 1480 1603 1530 et
1643 1471 1956 1549 aliquando
1998 1475 2100 1532 tibi
2149 1478 2343 1552 potius

456 1589 636 1649 quam
675 1570 852 1642 cuivis
893 1569 972 1627 sis
1015 1568 1268 1626 amicus:
1318 1568 1457 1627 satis
1505 1567 1722 1627 factum
1771 1580 1859 1628 est
1899 1571 2017 1628 iam
2065 1590 2101 1631 a
2147 1585 2203 1632 te
2254 1576 2341 1634 vel

454 1669 648 1730 officio
688 1668 778 1727 vel
819 1666 1212 1737 familiaritate,
1243 1667 1383 1734 satis
1425 1653 1642 1725 factum
1680 1668 1854 1725 etiam
1894 1670 2151 1745 partibus
2191 1683 2249 1731 et
2285 1676 2337 1733 ei

453 1768 538 1827 rei
572 1767 853 1845 publicae,
884 1783 1061 1842 quam
1099 1775 1161 1822 tu
1187 1766 1498 1840 probabas.
1584 1783 1637 1840 3.
1683 1764 1997 1843 Reliquum
2025 1779 2112 1827 est
2141 1777 2217 1838 ut,
2239 1772 2337 1830 ubi

454 1884 613 1926 nunc
652 1874 740 1924 est
779 1881 870 1922 res
913 1862 1156 1939 publica,
1196 1863 1275 1921 ibi
1317 1863 1499 1921 simus
1538 1863 1734 1938 potius
1778 1882 1970 1942 quam,
2000 1867 2140 1925 dum
2182 1868 2336 1927 illam

452 1975 705 2024 veterem
758 1980 1086 2040 sequamur,
1134 1960 1315 2035 simus
1362 1963 1424 2020 in
1470 1962 1647 2021 nulla.
1731 1963 1867 2035 Qua
1915 1984 1975 2022 re
2024 1967 2208 2039 velim,
2255 1970 2334 2026 mi

452 2060 863 2122 iucundissime
897 2058 1123 2128 Cicer0‚
1153 2058 1202 2117 si
1231 2057 1379 2118 forte
1406 2059 1722 2137 Pompeius
1752 2062 1953 2137 pulsus
1982 2062 2072 2120 his
2103 2080 2335 2141 quoque

453 2159 597 2218 locis
638 2158 835 2216 rursus
884 2157 1022 2215 alias
1071 2156 1341 2233 regiones
1389 2167 1585 2234 petere
1635 2168 1891 2234 cogatur,
1935 2170 1999 2218 ut
2035 2169 2098 2218 tu
2144 2171 2199 2219 te
2250 2163 2336 2220 vel

454 2256 718 2316 Athenas
747 2254 836 2313 vel
863 2254 924 2313 in
951 2255 1214 2331 quamvis
1241 2255 1495 2330 quietam
1529 2254 1773 2331 recipias
1810 2257 2098 2315 civitatem
2113 2277 2129 2329 ;
2175 2259 2334 2334 quod

454 2355 505 2415 si
546 2352 658 2412 eris
699 2352 966 2424 facturuS‚
996 2351 1164 2410 velim
1201 2348 1341 2406 mihi
1381 2350 1616 2424 scribaS,
1651 2362 1715 2410 ut
1751 2371 1879 2428 eg0‚
1913 2355 1960 2412 si
1998 2355 2116 2413 ullo
2154 2357 2335 2429 modo

453 2460 680 2532 potere,
709 2450 785 2512 ad
821 2460 878 2509 te
906 2448 1189 2509 advolem.
1274 2446 1699 2527 Quaecumque
1727 2450 1800 2508 de
1830 2461 1929 2508 tua
1956 2450 2233 2527 dignitate
2250 2457 2345 2514 ab·

453 2552 804 2626 imperatore
832 2555 998 2604 erunt
1025 2546 1405 2623 impetranda,
1433 2566 1552 2626 qua
1588 2558 1675 2607 est
1709 2547 2062 2608 humanitate
2102 2550 2335 2623 Caesar,

453 2648 788 2708 facillimum
815 2644 920 2702 erit
947 2644 1022 2701 ab
1060 2662 1134 2702 eo
1170 2644 1274 2702 tibi
1309 2644 1419 2720 ipsi
1458 2646 1797 2720 impetrare3
1841 2657 1900 2705 et
1935 2664 2098 2706 meas
2139 2658 2339 2708 tamen

453 2762 659 2823 preces
710 2742 868 2818 apud
923 2759 1058 2800 eum
1107 2758 1230 2800 non
1276 2742 1581 2801 minimum
1639 2744 1991 2802 auctoritatis
2044 2744 2340 2806 habituras

451 2852 618 2919 puto,
697 2839 822 2899 Erit
857 2850 990 2899 tuae
1018 2858 1253 2916 quoque
1290 2839 1426 2898 fidei
1455 2850 1510 2898 et
1538 2839 1907 2899 humanitatis
1941 2860 2157 2914 curare,
2185 2857 2250 2902 ut
2289 2846 2341 2905 is

452 2939 796 3008 tabellariuS,
825 2957 1001 3015 quem
1039 2937 1114 3005 ad
1151 2948 1207 2997 te
1244 2937 1393 3010 misi,
1421 2938 1622 2998 reverti
1659 2939 1844 3018 possit
1881 2939 1955 2998 ad
1992 2957 2087 3003 me
2128 2951 2187 2999 et
2214 2960 2251 3001 a
2281 2956 2341 3004 te

451 3037 593 3099 mihi
618 3036 833 3095 litteras
860 3036 1079 3094 referat.
