2642 3925
408 209 526 304 1242
940 241 1019 294 Μ.
1071 243 1309 298 wrm
1350 243 1551 293 crem
1561 243 1729 294 oms·
2025 227 2159 318 [pars
2189 243 2278 295 111.

398 399 462 448 tu
511 401 701 453 autem
750 393 1164 456 consolationis
1209 394 1455 454 fortasse
1501 394 1717 472 aliquid
1760 393 2138 469 exspectasti:
2194 393 2280 452 ni-

397 485 476 546 hil
530 488 780 562 invenie,
835 491 974 552 nihil
1031 492 1151 554 fieri
1207 501 1401 568 potest
1452 493 1734 562 miserius,
1789 491 1931 550 nihil
1983 491 2279 566 perditius,

397 583 538 644 nihil
594 586 836 648 foedius.
935 601 990 662 5.
1047 588 1228 661 Quod
1281 591 1524 664 quaeris,
1573 589 1715 666 quid
1780 587 1999 648 Caesar
2052 589 2129 648 ad
2182 607 2279 648 me

401 683 706 759 scripserit,
747 685 909 761 quod
957 703 1151 762 saepe,
1193 681 1583 762 gratissimum
1626 688 1731 746 sibi
1775 705 1902 746 esse
1942 686 2105 763 quod
2152 687 2279 762 qui·

398 781 558 852 erim,
587 792 828 856 oratque
869 781 930 842 in
971 800 1047 842 eo
1089 795 1152 842 ut
1192 801 1570 860 perseverem.
1652 783 1871 842 Balbus
1908 783 2098 842 minor
2134 783 2277 842 haec

399 879 605 940 eadem
633 880 888 944 mandat.
957 880 1075 942 Iter
1102 892 1297 944 autem
1326 883 1447 942 eius
1472 894 1594 944 erat
1621 883 1695 942 ad
1722 882 2036 941 Lentulum
2065 900 2277 940 consu-

398 975 512 1034 lem
571 995 705 1036 cum
755 977 952 1038 litteris
1001 977 1268 1040 Caesaris
1296 982 1823 1056 'praemiorumque
1870 979 2186 1054 promissis,
2230 979 2278 1038 si

397 1069 654 1131 Romam
687 1075 1042 1147 revertisset3
1083 1093 1298 1145 verum,
1328 1093 1463 1136 cum
1498 1075 1689 1138 babeo
1724 1077 2009 1136 rationem
2036 1075 2278 1147 dierum,

395 1183 530 1230 ante
558 1183 700 1248 puto
728 1174 1138 1245 tramissurum,
1155 1192 1333 1250 quam
1362 1175 1612 1251 potuerit
1638 1173 1949 1234 conveniri.
2018 1175 2075 1233 6.
2104 1173 2277 1250 Epis·

291 1279 302 1290 ·
398 1268 646 1328 tolarum
675 1268 938 1346 Pompeii
968 1271 1232 1342 duarum,
1257 1290 1407 1346 quas
1432 1271 1508 1333 ad
1534 1289 1629 1332 me
1654 1273 1827 1341 misit,
1849 1272 2279 1348 neglegentiam

397 1383 710 1443 meamque
737 1369 796 1428 in
825 1369 1198 1430 rescribendo
1227 1369 1582 1444 diligentiam
1602 1369 1755 1430 volui
1777 1369 1879 1428 tibi
1901 1379 2103 1428 notam
2124 1387 2279 1429 esset

397 1483 594 1526 earum
621 1465 888 1541 exempla
916 1466 990 1526 ad
1018 1477 1074 1525 te
1102 1466 1248 1528 misi.
1335 1481 1389 1540 7.
1431 1465 1696 1527 Caesaris
1730 1466 1823 1526 hic
1860 1484 1965 1542 per
2000 1467 2279 1543 Apuliam

396 1563 472 1622 ad
524 1561 898 1622 Brundisium
951 1581 1152 1626 cursus
1207 1564 1349 1640 quid
1402 1563 1625 1635 efficiat,
1680 1575 1995 1641 exspecto:
2052 1565 2276 1624 utinam

397 1660 611 1736 aliquid
667 1660 850 1722 simile
903 1661 1182 1722 Parthicis
1237 1663 1449 1724 rebus!
1506 1661 1677 1724 simul
1731 1661 1948 1736 aliquid
2017 1662 2275 1734 audiero,

397 1759 643 1818 scribam
699 1758 774 1820 ad
829 1770 926 1822 te:
983 1769 1045 1818 tu
1093 1758 1168 1820 ad
1221 1777 1318 1820 me
1374 1758 1543 1820 velim
1597 1760 1889 1817 bonorum
1936 1777 2239 1819 sermones
2254 1779 2275 1833 3

396 1854 625 1918 Romae
674 1855 1002 1933 frequentes
1045 1874 1174 1918 esse
1223 1857 1509 1918 dicuntur.
1590 1855 1725 1916 Scio
1774 1855 2047 1932 equidem
2101 1868 2159 1916 te
2214 1858 2274 1916 in

394 1955 692 2031 publicum
720 1974 844 2019 non
883 1955 1132 2033 prodire,
1161 1955 1266 2017 sed
1293 1966 1488 2016 tamen
1517 1953 1714 2015 audi-re
1743 1966 1801 2014 te
1828 1954 2007 2014 multa
2034 1973 2276 2017 necesse

395 2065 498 2111 est.
582 2052 827 2113 Memini
863 2054 1072 2115 librum
1109 2054 1212 2113 tibi
1249 2052 1458 2115 adferri
1495 2070 1535 2111 a
1562 2050 1861 2113 Demetrio
1891 2051 2172 2128 Magnete
2200 2054 2277 2113 ad

393 2160 450 2209 te
493 2150 734 2211 missum
775 2145 948 2231 [scio]
986 2153 1102 2223 περὶ
1142 2153 1394 2221 ὁμονοίας.
1472 2148 1627 2211 Eum
1668 2149 1813 2209 mihi
1852 2150 2023 2209 velim
2062 2150 2277 2211 mittas·

313 2240 322 2247 ’
394 2246 596 2320 Vides,
622 2265 798 2325 quam
827 2266 1064 2311 causam
1090 2250 1354 2311 mediter.

801 2408 896 2462 5¹7.
979 2401 1095 2462 AD
1136 2400 1525 2463 ATTICUM
1566 2402 1738 2465 vm.
1784 2422 1875 2479 13.

616 2517 748 2579 Sca.
791 2516 1035 2579 Fomms
1077 2516 1382 2577 KALEnms
1423 2516 1682 2579 Min-ms
1720 2535 1892 2581 A.U.c.
1930 2530 2067 2597 705.

1023 2642 1229 2688 emano
1268 2619 1483 2687 arrico
1522 2642 1646 2685 sar..

486 2758 536 2801 ι.
578 2738 971 2799 LIPPITUDINIS
1005 2756 1174 2797 meae
1211 2738 1443 2813 signum
1480 2738 1583 2799 tibi
1620 2738 1692 2797 sit
1721 2738 1931 2799 librarii
1966 2756 2174 2801 manus
2214 2749 2275 2803 et

400 2839 608 2899 eadem
645 2855 822 2899 causa
857 2837 1160 2907 brevitatIS,
1189 2836 1296 2895 etsi
1326 2853 1483 2895 nunc
1511 2834 1746 2911 quidem
1774 2835 1935 2910 quod
1961 2836 2273 2895 scriberem

399 2917 538 2998 nihil
574 2947 720 2999 erat:
763 2936 956 2999 omnis
993 2934 1349 3015 exspectatio
1383 2943 1585 2995 nostra
1609 2942 1729 2991 erat
1754 2933 1815 2992 in
1842 2934 2057 2991 nuntiis
2084 2934 2273 2993 Brun-

401 3035 620 3097 disinis.
701 3032 762 3091 Si
788 3042 994 3095 nactus
1021 3031 1115 3093 hic
1141 3040 1293 3091 esset
1321 3028 1593 3092 Gnaeum
1615 3039 1897 3101 nostrum,
1922 3048 2057 3106 spes
2096 3032 2273 3091 dubia

399 3132 575 3208 pacis,
606 3131 695 3191 sin
735 3129 830 3191 ille
866 3139 1002 3191 ante
1042 3129 1396 3199 tramisisset,
1423 3127 1651 3189 exitiosi
1690 3128 1824 3187 belli
1864 3138 2073 3189 metus.
2153 3129 2274 3191 Sed

394 3231 654 3299 videsne,
689 3228 751 3290 in
791 3243 968 3304 quem
1007 3227 1308 3288 hominem
1349 3226 1613 3287 inciderit
1648 3243 1741 3284 res
1780 3224 2051 3301 publica?
2093 3243 2275 3303 quam

397 3338 648 3397 acutum,
684 3342 863 3403 quam
904 3324 1252 3399 vigilantem,
1292 3341 1470 3400 quam
1511 3323 1814 3399 paratum?
1856 3322 1903 3381 si
1943 3322 2275 3387 mehercule

396 3424 692 3485 neminem
734 3421 1014 3494 occiderit
1057 3438 1167 3487 nec
1205 3422 1472 3497 cuiquam
1509 3421 1823 3497 quicquam
1863 3419 2159 3493 ademerit,
2193 3421 2275 3485 ab
