2642 3925
469 258 600 314 210
861 276 904 316 ‚-
1030 254 1108 308 M·
1160 255 1405 308 TULLII
1450 257 1657 310 cmm
1665 255 1827 312 oms
1873 237 1877 241 ’
1937 269 1951 280 ⁷
2101 242 2243 327 [pars
2275 256 2362 313 lv,

470 419 674 464 -versus
697 404 1049 481 navigarem,
1077 407 1249 484 coepi
1281 408 1553 484 regiones
1591 405 1964 467 circumcirca
1996 405 2362 483 prospicere:

472 511 607 579 post
646 521 741 561 me
782 514 905 562 erat
944 504 1189 581 Aegina,
1232 518 1368 565 ante
1416 525 1513 565 me
1556 506 1818 582 Megara,
1865 506 2070 564 dextra
2112 497 2365 573 Piraeus,

473 600 700 662 sinistra
727 598 1078 674 Corinthus3
1122 620 1272 679 quae
1307 605 1530 680 oppida
1566 604 1824 680 quodam
1854 611 2119 678 tempore
2153 600 2365 659 floren-

471 698 691 766 tissima
711 697 955 769 fuerunt,
979 717 1135 759 nunc
1157 711 1443 776 prostrata
1469 711 1527 760 et
1549 701 1739 759 diruta
1765 711 1900 759 ante
1931 699 2136 758 oculos
2157 699 2363 756 iacent.

475 793 662 870 Coepi
702 805 938 870 egomet
975 814 1210 855 mecum
1250 799 1335 856 sic
1376 799 1665 874 cogitare:
1709 797 1881 856 ‘hem
1901 799 1920 870 1,
1958 813 2071 855 nos
2107 795 2366 853 homun-

469 893 587 956 culi
621 892 1008 968 indignamur,
1037 895 1085 954 si
1123 894 1252 971 quis
1294 905 1561 956 nostrum
1601 896 1811 954 interiit
1851 903 1949 953 aut
1989 895 2219 953 occisus
2262 903 2365 964 est,

471 1005 727 1066 quorum
754 991 868 1049 vita
902 992 1129 1051 brevior
1170 1011 1298 1052 esse
1342 994 1530 1065 debet,
1562 1011 1696 1052 cum
1733 1011 1854 1051 uno
1892 993 2026 1051 loco
2068 1000 2156 1050 tot
2197 991 2366 1067 oppi-

475 1089 620 1146 dum
661 1088 943 1147 cadavera
982 1091 1244 1165 proiecta
1282 1091 1512 1150 iacent?
1558 1092 1723 1149 visne
1762 1101 1824 1149 tu
1866 1100 1941 1160 te,
1985 1090 2161 1161 Servi,
2205 1088 2367 1148 cohi,-

474 1185 615 1252 ,bere
669 1195 729 1244 et
782 1187 1116 1252 meminisse
1164 1188 1466 1246 hominem
1520 1198 1578 1247 te
1634 1206 1763 1247 esse
1818 1185 2093 1247 natum?'
2177 1186 2370 1247 Crede

473 1283 638 1355 mihi,
688 1284 1041 1359 cogitatione
1091 1304 1163 1344 ea
1209 1304 1333 1343 non
1381 1286 1748 1347 mediocriter
1796 1304 1927 1344 sum
1975 1283 2368 1344 confirmatus

479 1379 620 1439 Hoc
660 1380 834 1452 idem,
865 1382 913 1439 si
953 1382 1055 1440 tibi
1083 1383 1324 1451 videtur,
1355 1382 1446 1442 fac
1489 1392 1622 1442 ante
1662 1383 1868 1441 oculos
1905 1383 2007 1440 tibi
2037 1397 2369 1458 proponas:

480 1479 663 1538 modo
700 1498 821 1539 uno
852 1490 1116 1558 tempore
1154 1493 1239 1541 tot
1264 1482 1369 1540 viri
1406 1482 1705 1543 clarissimi
1741 1482 2108 1554 i-nterierunt;
2154 1482 2228 1540 de
2262 1483 2371 1540 im·

482 1577 646 1653 perio
687 1578 886 1653 populi
930 1578 1182 1637 Romani
1223 1588 1387 1637 tanta
1428 1578 1756 1638 deminutio
1794 1579 1947 1637 facta
1996 1588 2117 1650 est;
2159 1595 2370 1638 omnes

481 1674 809 1750 provinciae
851 1686 1278 1752 conquassatae
1319 1684 1490 1735 sunt:
1531 1676 1593 1733 in
1621 1675 1792 1734 unius
1831 1675 2204 1734 mulierculae
2245 1676 2370 1734 ani-.-

477 1772 640 1832 mula
673 1774 721 1831 si
749 1773 967 1834 iactura
995 1773 1148 1833 facta
1188 1784 1297 1847 est,-
1324 1785 1496 1833 tanto·
1530 1792 1708 1851 opere
1751 1774 2176 1834 commoveris?
2219 1792 2370 1851 quae

481 1872 533 1931 si
560 1872 675 1930 hoc
701 1882 961 1948 tempore
990 1890 1113 1930 non
1141 1872 1297 1931 diem
1335 1890 1508 1932 suum
1541 1873 1785 1943 obisset,
1807 1873 2010 1949 paucis
2037 1881 2174 1948 post
2200 1873 2370 1932 annis

479 1981 679 2031 tamen
706 1970 759 2029 ei
788 1969 1154 2028 moriendum
1184 1970 1314 2041 fuit,
1337 1971 1616 2048 quoniam
1643 1970 1824 2029 homo
1861 1980 2001 2029 nata
2027 1971 2227 2029 fuerat.
2314 1985 2368 2045 5,

482 2069 678 2128 Etiam
710 2081 773 2127 tu
814 2070 889 2128 ab
930 2069 1091 2128 hisce
1129 2070 1302 2133 rebus
1346 2071 1606 2128 animum
1647 2087 1717 2129 ac
1755 2070 2168 2145 cogitationem
2209 2079 2369 2127 tuam

481 2184 663 2226 avoca
690 2175 865 2242 atque
891 2185 963 2225 ea
989 2168 1183 2243 potius
1210 2166 1596 2237 reminiscere,
1618 2184 1768 2243 quae
1796 2167 1974 2241 digna
2000 2178 2098 2225 tua
2118 2185 2372 2243 persona
2424 2162 2429 2165 ’

483 2275 654 2325 sunt:
695 2264 867 2335 illam,
895 2281 1077 2340 quam
1103 2265 1201 2322 diu
1237 2266 1292 2324 ei
1321 2283 1472 2341 opus
1500 2264 1681 2335 fuerit,
1711 2265 1958 2337 vixisse;
2000 2282 2119 2322 una
2147 2283 2283 2324 cum
2309 2282 2371 2323 re

485 2361 716 2439 publica
759 2360 970 2431 fuisse;
1020 2372 1094 2432 te,
1143 2372 1370 2437 patrem
1419 2380 1605 2432 suum,
1655 2372 2001 2437 praetorem,
2051 2362 2370 2429 consulem.

483 2476 767 2533 augurem
793 2457 1041 2531 vidisse3
1085 2459 1551 2518 adulescentibus
1578 2459 1860 2535 primariis
1890 2468 2133 2534 nuptam
2161 2458 2371 2530 fuisse;

485 2557 761 2615 omnibus
797 2556 970 2617 bonis
1007 2574 1193 2633 prope
1228 2557 1590 2633 perfunctam
1631 2573 1798 2615 esse:
1843 2574 1978 2615 cum
2019 2574 2112 2620 res
2140 2558 2376 2632 publica

486 2654 795 2725 occideret,
824 2653 941 2711 vita
967 2653 1302 2712 excessisse.
1389 2652 1550 2724 Quid
1579 2663 1667 2712 est
1694 2653 1854 2729 quod
1881 2663 1943 2711 tu
1981 2663 2082 2711 aut
2107 2653 2204 2715 illa
2237 2671 2375 2713 cum

487 2752 720 2811 fortuna
773 2750 887 2809 hoc
941 2752 1182 2810 nomine
1235 2751 1400 2828 queri
1454 2750 1731 2827 possitis?
1812 2749 2087 2825 Denique
2141 2750 2264 2808 noli
2314 2759 2377 2809 te

484 2850 749 2915 oblivisci
804 2847 1151 2909 Ciceronem
1207 2867 1337 2908 esse
1405 2859 1464 2908 et
1517 2867 1672 2921 eum,
1724 2849 1824 2926 qui
1882 2848 2006 2907 aliis
2074 2850 2378 2911 consueris

491 2948 823 3025 praecipere
864 2957 923 3006 et
962 2948 1099 3006 dare
1140 2947 1464 3017 consilium,
1492 2964 1682 3022 neque
1724 2945 1929 3007 imitari
1969 2945 2154 3005 malos
2194 2947 2378 3007 medi,

488 3063 612 3114 ςοε,
642 3046 740 3121 qui
768 3044 837 3103 in·
857 3045 1055 3104 alienis
1083 3045 1302 3102 morbis
1336 3043 1679 3120 profitentur
1715 3052 1909 3101 tenere
1949 3061 2013 3101 se
2052 3044 2378 3102 medicinae

488 3144 810 3213 scientiam,
845 3143 952 3218 ipsi
994 3161 1057 3201 se
1099 3160 1298 3201 curare
1339 3159 1460 3198 non
1502 3150 1779 3217 possunt;
1824 3140 1930 3198 sed
1971 3139 2182 3216 potius,
2224 3158 2380 3215 quae

490 3241 614 3299 aliis
645 3250 764 3298 tute
791 3240 1121 3316 praecipere
1165 3240 1336 3310 soleS‚
1365 3257 1438 3297 ea
1464 3248 1584 3297 tute
1618 3238 1721 3296 tibi
1755 3238 1971 3296 subiice
2010 3246 2183 3313 atque
2219 3237 2380 3312 apud

492 3338 751 3395 animum
780 3354 1064 3412 propone.
1148 3338 1203 3395 6.
1246 3336 1455 3397 Nullus
1484 3335 1664 3407 dolor,
1676 3343 1781 3406 est,
1799 3352 1977 3410 quem
2005 3351 2126 3392 non
2146 3334 2379 3409 longia-2

491 3433 684 3522 quitas
730 3433 1009 3509 temporis
1058 3433 1296 3506 minuat·
1331 3450 1400 3492 ac
1448 3432 1667 3491 molliat
1689 3447 1713 3507 ε1
1769 3431 1884 3490 hoc
1931 3441 1991 3491 te
2037 3443 2380 3521 exspecth
