2642 3925
468 274 493 323 ι
509 257 547 325 8
900 314 911 325 ,
975 264 1067 322 Μ.·
1104 262 1344 315 ruzam
1383 260 1761 318 erosnoms
1939 242 1944 248 '
2133 243 2274 336 [rm
2288 261 2344 333 ,ι

460 421 873 496 «ncunmoveriv,¹
946 438 1200 498 quorum
1254 417 1496 480 Catulus
1549 438 1688 482 cum
1739 418 1974 479 vidisset
2025 416 2345 495 quendam,

460 528 479 554 ‘
500 520 643 598 quid
667 538 775 579 vos
793 518 811 544 ’
855 519 1040 595 inquit
1080 522 1096 550 ‘
1119 516 1470 594 praesidium
1498 534 1535 574 a
1573 516 1747 576 nobis
1786 516 2211 593 postulabatis?
2267 532 2347 573 an

458 638 537 681 ne
563 617 789 679 nummi
814 617 980 675 vobis
1005 616 1364 692 eriperentur
1407 610 1749 694 [timebatis]
1773 613 1831 673 Γ
1916 614 1972 671 6.
2030 612 2250 686 Habes,
2282 621 2346 671 ut

456 714 793 777 brevissime
846 712 1029 790 potui,
1082 729 1271 789 genus
1317 711 1510 771 iudicii
1558 721 1616 770 et
1662 729 1901 770 causam
1945 710 2346 769 absolutionis.

458 812 707 885 Quaeris
735 811 1028 886 deinceps,
1056 809 1156 887 qui
1184 826 1341 867 nunc
1381 809 1458 867 sit
1484 818 1664 867 status
1691 826 1884 867 rerum
1923 817 1984 866 et
2010 808 2112 884 qui
2138 824 2343 867 meus:

456 910 540 970 rei
567 908 833 987 publicae
877 916 1092 967 statum
1146 906 1325 977 illum,
1381 924 1558 982 quem
1613 916 1677 965 tu
1727 923 1866 964 meo
1913 905 2178 975 consilio,
2227 922 2345 981 ego

458 1003 655 1063 divino
708 1000 1114 1061 confirmatum
1183 999 1478 1075 putabam,
1547 999 1648 1075 qui
1718 1000 2010 1057 bonorum
2077 998 2346 1057 omnium

458 1098 869 1159 coniunctione
897 1108 955 1158 et
981 1097 1319 1157 auctoritate
1346 1097 1680 1156 consulatus
1716 1097 1833 1154 mei
1861 1096 2012 1154 fixus
2051 1105 2113 1154 et
2137 1084 2345 1154 funda·

458 1207 551 1256 tus
578 1196 895 1267 videbatur,
922 1196 1035 1255 nisi
1061 1196 1193 1273 quis
1219 1212 1334 1253 nos
1375 1194 1520 1253 deus
1546 1194 1878 1270 respexerit,
1905 1194 2169 1271 elapsum
2195 1193 2344 1251 scito

460 1311 589 1353 esse
626 1293 701 1352 de
733 1293 1005 1352 manibus
1030 1310 1152 1351 uno
1179 1292 1295 1351 hoc
1323 1292 1555 1361 iudici0,
1584 1292 1633 1351 si
1659 1292 1938 1351 iudicium
1977 1301 2084 1363 est,
2111 1292 2346 1367 triginta

459 1389 729 1449 homines
754 1391 957 1468 populi
988 1389 1245 1461 Romani
1279 1390 1604 1449 levissimos
1640 1407 1711 1449 ac
1746 1389 2137 1465 nequissimos
2171 1407 2346 1447 num·

460 1488 633 1546 mulis
661 1489 917 1566 acceptis
943 1489 1033 1547 ius
1060 1504 1131 1547 ac
1158 1486 1246 1545 fas
1272 1504 1452 1547 omne·
1478 1488 1666 1547 delere
1693 1499 1766 1560 et,
1796 1488 1958 1564 quod
1985 1504 2196 1547 omnes
2222 1504 2346 1545 non

461 1584 642 1657 modo
671 1585 955 1656 homines,
982 1602 1185 1643 verum
1224 1585 1412 1644 etiam-
1425 1586 1682 1662 pecudes
1710 1585 1927 1645 sactum
1967 1603 2099 1645 esse
2141 1585 2344 1656 sciant,

382 1697 389 1706 ·
462 1682 524 1755 id
570 1682 864 1742 Thalnam
909 1692 969 1741 et
1012 1681 1279 1765 Plautum
1323 1693 1384 1741 et
1434 1682 1756 1770 Sffinggam
1801 1694 1859 1741 et
1905 1696 2130 1743 ceteras
2171 1683 2345 1742 huius

462 1780 625 1839 modi
652 1780 990 1857 quisquilias
1018 1789 1268 1838 statuere
1294 1797 1618 1855 numquam
1646 1798 1775 1839 esse
1802 1778 2038 1839 factum.
2127 1793 2182 1855 7.
2225 1779 2347 1840 Sed

462 1887 677 1949 tamen,
708 1886 771 1935 ut
800 1886 855 1935 te
884 1876 959 1935 de
986 1895 1048 1935 re
1084 1876 1318 1954 publica
1343 1877 1633 1948 consoler,
1660 1895 1785 1936 non
1824 1877 1921 1949 ita,
1949 1888 2015 1937 ut
2042 1868 2350 1956 sperarunt,

463 1976 617 2048 mali,
646 1986 807 2035 tanto
848 1976 1125 2052 imposito
1166 1976 1249 2034 rei
1286 1975 1552 2054 publicae
1579 1976 1811 2036 volnere
1853 1976 2056 2035 alacris
2097 1977 2348 2036 exsultat

463 2075 801 2151 improbitas
848 2075 911 2131 in
954 2074 1224 2145 victoria;
1285 2092 1426 2132 nam
1473 2074 1647 2151 plane
1689 2075 1770 2134 ita
1811 2085 2168 2150 putaverunt,
2207 2093 2346 2134 cum

462 2171 683 2247 religio,
713 2189 849 2230 cum
876 2171 1168 2246 pudicitia,
1195 2189 1334 2231 cum
1372 2173 1715 2231 iudiciorum
1755 2172 1915 2243 fides,
1945 2191 2081 2232 cum
2107 2184 2348 2233 senatus

466 2267 777 2342 auctoritas
818 2268 1186 2340 concidisset,
1228 2267 1355 2327 fore
1395 2279 1469 2328 ut·
1499 2280 1696 2346 aperte
1737 2270 1938 2330 victrix
1977 2271 2235 2346 nequitia
2271 2289 2348 2343 ao

466 2364 644 2424 libido
671 2381 897 2441 poenas
923 2365 1000 2424 ab
1027 2365 1253 2444 optimo
1279 2383 1516 2444 quoque
1543 2378 1766 2444 peteret
1792 2368 1879 2428 sui
1908 2368 2139 2440 doloriS,
2168 2387 2352 2444 quem

466 2462 901 2539 improbissimo
941 2463 1148 2542 cuique
1193 2463 1479 2524 inusserat
1516 2465 1786 2524 severitas
1830 2465 2167 2527 consulatus
2212 2453 2437 2556 meist(

470 2564 526 2622 8.
609 2559 780 2619 Idem
847 2577 961 2636 ego
1022 2561 1319 2619 ille—non
1375 2563 1533 2621 enim
1586 2562 1728 2621 mihi
1779 2563 1978 2622 videor
2031 2563 2353 2632 insolenter,

361 2656 377 2666 '
466 2658 716 2737 gloriari,
760 2675 898 2717 cum
947 2659 1021 2717 de
1068 2676 1165 2717 me
1212 2658 1373 2734 apud
1419 2671 1477 2718 te
1521 2660 1748 2736 loquor,
1787 2661 1850 2719 in
1897 2679 1968 2720 ea
2009 2663 2349 2738 praesertim

466 2759 731 2835 epistola,
748 2775 932 2834 quam
958 2757 1101 2815 nolo
1128 2757 1255 2816 aliis
1282 2758 1652 2835 legi—idem,
1674 2759 1932 2836 inquam,
1953 2776 2068 2835 ego
2094 2761 2350 2820 recreavi

469 2855 736 2915 adflictos
778 2855 1009 2914 animos
1052 2855 1362 2927 bonomm,
1408 2873 1591 2914 unum
1640 2873 1931 2933 quemque
1976 2855 2349 2928 confirmanS,

470 2955 768 3025 excitans;
842 2953 1197 3012 insectandis
1251 2971 1392 3012 vero
1460 2954 1942 3029 exagitandisque
2009 2954 2350 3024 nummariis

470 3051 755 3112 iudicibus
796 3067 1037 3110 omnem
1069 3051 1345 3110 omnibus
1387 3051 1662 3110 studiosis
1702 3069 1772 3110 ac
1815 3049 2153 3122 fautoribuS,
2199 3051 2352 3110 illius

470 3148 743 3219 victoriae
779 3150 1067 3222 παρρησίαν
1098 3149 1299 3224 eripui,
1329 3147 1604 3206 Pisonem
1645 3148 1948 3214 consulem
1987 3148 2145 3217 nulla
2186 3149 2248 3208 in
2287 3165 2354 3208 re

472 3246 791 3306 consistere
832 3263 1113 3322 umquam
1158 3263 1289 3304 sum
1332 3262 1557 3322 passm,
1588 3244 1944 3321 desponsam
1982 3245 2207 3304 homini
2235 3247 2356 3320 iarn

475 3343 703 3418 Syriam
748 3340 957 3414 ademi,
1008 3346 1274 3402 senatum
1321 3342 1398 3401 ad
1434 3343 1734 3428 pristinam
1783 3361 1950 3402 suam
1989 3345 2356 3404 severitatem

478 3440 742 3504 revocavi
781 3450 959 3525 atque
993 3440 1319 3511 abiectum,
1343 3442 1606 3526 excitavi,
1657 3439 1933 3510 Clodium
1987 3451 2358 3520 praesentem

1399 3581 1428 3612 ὁ
