2642 3925
427 191 549 277 136
979 203 1054 253 Μ.
1105 200 1344 252 TULLII
1386 205 1590 253 crem
1598 204 1763 258 oms
1880 215 1887 218 ·
2048 187 2187 280 [Pars
2216 208 2319 254 111.

419 361 669 420 serendis
695 369 913 434 auctor,
943 361 1036 420 ille
1066 359 1290 420 Galliae
1317 358 1599 434 ulterioris
1628 359 1947 429 adiunctor,
1976 359 2070 418 ille
2107 380 2315 436 gener,

419 458 510 516 ille
555 459 616 516 in
664 459 1004 534 adoptando
1049 457 1117 517 P.
1162 456 1378 515 Clodio
1423 473 1623 530 augur,
1666 456 1758 514 ille
1806 457 2143 516 restituendi
2188 458 2313 516 mei

419 573 597 631 quam
623 555 904 614 retinendi
946 555 1276 625 studiosior,
1305 552 1400 610 ille
1436 554 1768 629 provinciae
1811 567 2183 630 propagator,
2214 557 2313 614 ille

417 653 672 712 absentis
698 653 760 711 in
789 654 1062 712 omnibus
1099 652 1345 721 adiutor,
1376 649 1539 707 idem'
1568 651 1743 708 etiam
1780 651 1947 710 tertio
1984 652 2313 724 consulatu,

420 760 731 827 postquam
759 769 888 810 esse
923 750 1195 809 defensor
1230 748 1312 806 rei
1350 747 1617 824 publicae
1655 748 1865 824 coepit,
1896 749 2214 820 contendit,
2246 759 2315 808 ut

420 846 627 906 decem
653 847 866 906 tribuni
892 847 969 922 pl.
998 847 1226 915 ferrent,
1258 853 1323 903 ut
1349 845 1605 902 absentis
1631 845 1775 902 ratio
1803 845 2123 917 haberetur,
2147 845 2315 923 quod

420 943 576 1002 idem
614 945 741 1020 ipse
783 944 974 1002 sanxit
1013 943 1145 1020 lege
1194 943 1450 1019 quadam
1490 959 1613 1011 sua,
1658 941 1980 1019 Marcoque
2026 943 2314 1003 Marcello
2379 1020 2388 1026 ¹

421 1043 645 1101 consuli
679 1042 902 1100 finienti
941 1040 1267 1118 provincias
1297 1039 1515 1100 Gallias
1543 1039 1943 1098 Kalendarum
1970 1041 2313 1100 Martiarum

422 1140 515 1197 die
565 1139 807 1198 restitit:
863 1139 986 1210 sed,
1029 1147 1098 1197 ut
1151 1138 1298 1196 haec
1352 1137 1637 1209 omittam,
1682 1138 1824 1214 quid
1879 1138 2122 1210 foedius
2169 1138 2315 1215 quid

421 1238 804 1314 perturbatius
845 1237 961 1294 hoc
1003 1237 1078 1294 ab
1117 1236 1261 1294 urbe
1305 1235 1565 1294 discessu
1602 1237 1721 1295 sive
1756 1237 1949 1312 potius
1981 1239 2314 1312 turpissima

421 1334 598 1409 fuga?
652 1351 803 1409 quae
858 1332 1128 1392 condicio
1177 1349 1302 1390 non
1352 1333 1693 1408 accipienda
1740 1334 1847 1392 fuit
1892 1334 2087 1410 potius
2132 1353 2313 1411 quam

420 1431 799 1507 relinquenda
835 1430 1060 1507 patria?
1101 1429 1288 1488 malae
1326 1430 1703 1488 condiciones
1739 1437 1933 1503 erant;
1976 1424 2177 1502 fateor,
2206 1432 2312 1490 sed

421 1547 564 1587 num
591 1529 734 1605 quid
759 1528 873 1588 hoc
899 1527 1126 1604 peius?¹
1191 1547 1245 1599 4.
1283 1526 1389 1584 ‘At
1418 1527 1784 1603 recuperabit
1819 1547 1944 1586 rem
1981 1527 2313 1605 publicam!

423 1625 719 1697 Quando?
760 1634 860 1684 aut
895 1625 1035 1701 quid
1073 1622 1152 1683 ad
1187 1642 1317 1682 eam
1356 1641 1523 1699 spem
1562 1635 1650 1683 est
1686 1627 1907 1700 parati?
1992 1626 2133 1684 Non
2172 1643 2314 1702 ager

422 1724 671 1784 Picenus
710 1723 999 1782 amissus?
1081 1721 1140 1780 N
1142 1739 1222 1780 on
1259 1722 1612 1798 patefactum
1650 1725 1757 1782 iter
1792 1725 1867 1782 ad
1902 1725 2145 1783 urbem?
2186 1743 2311 1784 non

426 1809 675 1899 pecunia
711 1823 907 1881 omnis
947 1829 1006 1878 et
1044 1816 1276 1896 publica
1324 1829 1383 1876 et
1426 1820 1645 1895 privata
1694 1821 2019 1880 adversario
2066 1823 2311 1882 tradita?

426 1920 696 1998 Denique
735 1919 895 1979 nulla
930 1936 1124 2007 causa,
1162 1915 1354 1976 nullae
1394 1917 1559 1989 vires,
1599 1919 1755 1977 nulla
1798 1918 1982 1991 sedeS,
2012 1937 2131 1997 quo
2170 1938 2313 1980 con-

426 2030 655 2079 currant
676 2018 774 2096 qui
801 2035 926 2075 rem
951 2016 1248 2093 publicam
1277 2015 1578 2075 defensam
1604 2016 1779 2075 velint
1804 2036 1818 2074 2
1848 2008 2061 2093 Apulia
2089 2018 2315 2079 delecta

423 2126 528 2189 est,
566 2116 905 2175 inanissima
945 2131 1081 2189 pars
1120 2113 1317 2172 Italiae
1360 2122 1421 2171 et
1460 2115 1535 2172 ab
1576 2114 1796 2190 impetu
1836 2114 2006 2174 huius
2047 2116 2180 2174 belli
2221 2135 2311 2175 re-

422 2214 777 2284 motissima;
839 2211 980 2287 fuga
1030 2220 1094 2269 et
1147 2209 1436 2269 maritima
1484 2211 1889 2287 opportunitas
1942 2213 2065 2270 visa
2112 2215 2311 2289 quaeri

423 2310 840 2387 desperatione.
923 2311 963 2377 †
984 2306 1056 2365 In
1085 2316 1142 2365 te
1168 2309 1296 2383 cepi
1328 2307 1612 2389 Capuam,
1634 2325 1757 2367 non
1785 2326 1905 2385 quo
1932 2327 2147 2368 munus
2168 2310 2308 2369 illud

422 2406 776 2482 defugerem,
805 2404 911 2463 sed
939 2404 1000 2462 in
1027 2420 1098 2462 ea
1124 2422 1317 2475 causa,
1346 2403 1408 2461 in
1450 2422 1567 2480 qua
1609 2406 1800 2465 nullus
1828 2416 1982 2465 esset
2017 2407 2310 2481 ordinum,-

421 2504 611 2564 nullus
664 2511 896 2580 apertus
943 2501 1295 2577 privatorum
1343 2501 1528 2571 dolor,
1578 2503 1867 2560 bonorum
1919 2514 2113 2561 autem
2158 2514 2311 2565 esset

422 2602 642 2679 aliquiS,
665 2600 772 2660 sed
798 2598 996 2671 hebes,
1017 2608 1082 2658 ut
1110 2599 1276 2671 solet,
1304 2609 1379 2670 et,
1407 2610 1470 2657 ut
1497 2601 1622 2676 ipse
1650 2600 1979 2670 sensissem,
2004 2600 2308 2659 multitudo

421 2707 478 2757 et
523 2697 756 2755 infimus
804 2696 1048 2774 quisque
1094 2705 1420 2773 propensus
1463 2696 1525 2754 in
1574 2696 1811 2754 alteram
1855 2706 2097 2772 partem,
2140 2697 2304 2756 multi

420 2794 755 2854 mutationis
795 2805 987 2852 rerum
1025 2792 1238 2871 cupidi,
1279 2793 1401 2852 dixi
1443 2794 1555 2870 ipsi
1596 2811 1689 2851 me
1730 2792 1869 2849 nihil
1908 2802 2309 2868 suscepturum

421 2893 547 2951 sine
599 2891 890 2968 praesidio
945 2900 1005 2950 et
1061 2892 1188 2951 sine
1248 2891 1499 2967 pecunia
1514 2910 1530 2963 3
1592 2905 1646 2963 5.
1689 2892 1884 2965 itaque
1940 2890 2115 2948 habui
2171 2890 2309 2949 nihil

421 2991 665 3048 omnino
703 2989 943 3064 negotii,
978 2989 1138 3066 quod
1181 2990 1257 3047 ab
1298 2988 1460 3046 initio
1504 2988 1617 3046 vidi
1659 2987 1797 3045 nihil
1840 2988 2039 3062 quaeri
2086 2999 2309 3063 praeter

418 3086 653 3161 fugam:
681 3103 813 3143 eam
841 3084 890 3143 si
917 3104 1075 3144 nunc
1104 3103 1331 3160 sequor,
1357 3086 1656 3161 quonam?
1738 3084 1893 3143 Cum
1920 3084 2016 3142 illo
2044 3103 2203 3158 non3
2234 3086 2309 3145 ad

424 3201 600 3258 quem
655 3200 791 3241 cum
846 3200 1040 3240 essem
1088 3182 1400 3258 profectuS,
1447 3182 1699 3257 cognovi
1747 3182 1809 3238 in
1856 3181 1927 3240 iis
1980 3180 2127 3239 locis
2182 3200 2307 3241 esse

428 3276 756 3350 Caesarem,
783 3288 848 3337 ut
885 3288 1010 3338 tuto
1051 3278 1359 3338 Luceriam
1393 3280 1585 3337 venire
1624 3296 1745 3336 non
1773 3296 2027 3353 possem.
2114 3278 2307 3337 Infero

427 3376 570 3432 mari
597 3375 785 3449 nobis,
813 3376 1034 3433 incerto
1063 3394 1250 3449 cursu,
1280 3375 1471 3434 hieme
1500 3376 1753 3435 maxima
1782 3374 2175 3451 navigandum
2204 3388 2305 3435 est.
