2642 3925
431 198 478 261 ,8
552 199 556 204 ’
936 241 955 280 .·
984 212 1075 291 rw.
1120 213 1360 262 TULLII
1401 213 1782 263 cremoms
1861 226 1877 236 <·
2103 201 2245 284 [Pars
2283 212 2324 263 ι.

436 395 894 460 conservassem,
929 397 1120 466 atque*
1152 389 1468 448 abeuntem
1487 386 1866 470 ‘magistratu’
1894 377 2193 446 contionis
2225 383 2327 445 ha·

422 485 663 545 ¹bendae
693 494 982 563 potestate
1008 486 1280 563 privavit3
1318 487 1484 546 cuius
1512 487 1718 546 iniuria
1736 486 1879 544 mihi
1900 497 2098 545 tamen
2118 483 2329 543 honori

423 599 672 649 *summo
718 583 825 643 fuit
842 601 867 644 r
911 601 1076 657 nam,
1123 601 1258 643 cum
1305 584 1400 642 ille
1442 583 1586 642 mihi
1633 582 1770 641 nihil
1816 584 1927 642 nisi
1968 591 2033 642 ut
2081 584 2326 640 iurarem

424 681 812 757 -permitteret,
866 696 1086 758 magna
1147 699 1301 741 voce
1360 682 1541 739 iuravi
1595 679 1958 740 verissimum
2015 678 2327 757 pulcherri-

429 795 717 856 mumque
756 780 848 838 ius
884 778 1213 849 iurandum,
1253 779 1416 856 quod
1458 777 1713 855 populus
1754 775 1912 837 item.
1929 790 2147 852 magna
2180 794 2326 834 voce

427 891 532 934 »me
585 893 722 935 vere
775 876 996 936 iurasse
1049 876 1283 935 iuravit.¹
1367 877 1423 933 8.
1483 874 1618 935 Hac
1663 885 1905 953 accepta
1946 885 2066 933 tam
2113 873 2328 949 insigni

427 972 664 1044 iniuria,
694 981 894 1032 tamen
930 973 1029 1033 illo
1065 973 1210 1050 ipso·
1235 974 1330 1032 die
1366 973 1500 1032 misi
1538 973 1616 1032 ad
1653 972 1956 1033 Metellum
1983 971 2329 1031 communes

434 1068 679 1141 amicos,
708 1069 812 1146 qui
848 1079 1088 1146 agerent
1115 1088 1256 1128 cum
1290 1087 1386 1143 eo,
1413 1079 1480 1129 ut
1513 1069 1591 1129 de
1627 1070 1721 1130 illa
1754 1080 1952 1129 mente
1990 1070 2325 1146 desisteret3

423 1168 649 1243 quibus
676 1166 771 1226 ille
797 1168 1096 1244 respondit
1124 1169 1233 1227 sibi
1261 1187 1385 1226 non
1407 1169 1879 1245 esseintegrum:
1916 1168 2130 1227 etenim
2152 1165 2326 1243 paulo

430 1275 575 1325 »ante
610 1264 673 1325 in
708 1267 989 1327 contione
1025 1268 1248 1327 dixerat
1286 1268 1357 1338 ei,
1393 1269 1493 1345 qui
1531 1268 1596 1326 in
1637 1268 1783 1327 alios
1825 1268 2082 1325 animum
2126 1265 2326 1324 adver:-

428 1364 601 1423 atisset
618 1362 846 1423 ¹indicta
871 1382 1061 1435 causa,
1083 1363 1313 1423 dicendi
1342 1366 1453 1441 ipsi
1480 1375 1827 1442 potestatem
1856 1366 1975 1424 fieri
2005 1382 2126 1423 non
2154 1380 2329 1440 opor·

424 1469 578 1518 sere.
663 1459 989 1520 Hominem
1037 1479 1271 1537 gravem
1299 1472 1380 1520 vet
1423 1463 1606 1521 civem
1656 1463 1991 1540 egregium!
2048 1455 2164 1538 qui,
2214 1449 2354 1536 qua

429 1570 637 1634 ⁴poena
661 1566 900 1624 senatus
927 1575 1219 1618 consensu
1251 1560 1543 1618 bonorum
1577 1559 1843 1619 omnium
1881 1577 1986 1618 eos
2024 1559 2329 1626 adfecerat,
2397 1572 2401 1576 ·

442 1656 541 1732 qui
565 1656 776 1715 urbem
803 1655 1114 1715 incendere
1141 1664 1198 1715 et
1224 1659 1595 1733 magistratus
1624 1675 1695 1717 ac
1729 1667 1994 1715 senatum
2030 1655 2329 1726 trucidare,

439 1752 656 1811 bellum
721 1753 1043 1813 maximum
1106 1752 1365 1813 conflare
1420 1754 1751 1826 voluissent,
1809 1754 2018 1812 eadem
2087 1754 2331 1829 dignum

433 1851 720 1910 iudicaret
748 1868 901 1921 eum,
932 1850 1033 1927 qui
1071 1851 1290 1909 curiam
1318 1852 1517 1921 caede,
1545 1853 1750 1910 urbem
1779 1852 2076 1921 incendiiS,
2106 1851 2332 1909 Italiam

442 1949 596 2010 bello
651 1949 966 2010 liberasset.
1063 1947 1271 2027 Itaque
1323 1967 1439 2024 ego
1472 1941 1752 2022 'Metello,
1795 1950 1952 2009 fratri
2000 1960 2117 2022 tuo,
2164 1966 2329 2027 prae·-

435 2049 593 2111 senti
638 2048 851 2107 restiti:
900 2064 1040 2106 nam
1082 2047 1158 2106 in·
1188 2056 1396 2106 senatu
1443 2046 1579 2105 Kal.
1622 2046 1904 2107 Ianuariis
1949 2050 2031 2130 sic
2080 2040 2224 2107 cum⁴
2258 2063 2332 2107 eo

440 2144 517 2202 de
563 2157 626 2203 re
673 2143 926 2222 publica·
954 2145 1257 2220 disputavi,
1297 2154 1363 2202 ut
1407 2145 1643 2204 sentiret
1691 2145 1797 2203 sibi
1847 2164 1983 2204 cum
2029 2146 2152 2204 viro
2201 2145 2332 2204 forti

442 2250 505 2300 et
550 2241 841 2303 constanti
889 2258 1020 2299 esse
1074 2242 1477 2317 pugnandum.
1561 2261 1613 2301 a.
1656 2243 1710 2301 d.
1754 2261 1834 2301 111.
1894 2243 2048 2302 Non.
2101 2243 2329 2302 Ianuar.

444 2357 583 2400 cum
620 2357 796 2416 agere
834 2338 1145 2415 coepisset,
1174 2340 1342 2397 tertio
1378 2356 1615 2417 quoque
1654 2341 1837 2398 verbo
1874 2341 2152 2399 orationis
2195 2359 2332 2400 suae

377 2424 380 2428 “
438 2447 542 2494 ,ωε
569 2432 917 2518 appellabat,
938 2435 1081 2493 mihi
1107 2435 1469 2508 minabatur3
1500 2454 1690 2512 neque
1718 2436 1796 2493 illi
1817 2436 2129 2513 quicquam
2152 2437 2332 2495 delib-

444 2534 659 2594 eratius
714 2531 823 2592 suit
869 2538 1050 2608 quam
1102 2551 1216 2604 me,
1258 2550 1631 2609 quacumque
1679 2535 1902 2592 ratione
1946 2543 2161 2609 posset,
2208 2553 2333 2594 non

433 2631 660 2695 ,iudicio
712 2647 912 2708 neque·
961 2630 1398 2707 disceptatione,
1454 2631 1560 2689 sed
1614 2630 1669 2689 vi
1725 2641 1896 2708 atque
1951 2632 2333 2707 impressione

366 2786 376 2795 .
438 2740 715 2793 evertere.
780 2727 1009 2789 -Huius
1057 2747 1172 2804 ego
1217 2725 1524 2788 temeritati
1572 2730 1620 2787 si
1667 2730 1871 2788 virtute
1918 2738 2092 2806 atque
2136 2732 2332 2789 animo

436 2846 565 2889 non
589 2828 951 2900 restitissem,
980 2828 1110 2904 quis
1138 2837 1294 2886 esset
1325 2827 1426 2903 qui
1459 2845 1557 2885 me
1595 2828 1656 2885 in
1695 2827 2000 2886 consulatu
2077 2845 2156 2886 on
2193 2847 2333 2889 casu

440 2927 640 3003 potius
685 2926 1041 2985 existimaret
1080 2943 1259 3001 quam
1301 2925 1546 2985 consilio
1584 2925 1795 2984 fortem
1833 2925 2049 2983 fuisse?
2083 2945 2146 3000 .9.
2188 2926 2332 2986 haec

444 3025 494 3084 si
537 3034 601 3082 tu
636 3023 938 3082 Metellum
979 3024 1235 3100 cogitare
1274 3022 1349 3081 de
1386 3041 1484 3082 me
1513 3023 1764 3094 nescisti,
1797 3023 1978 3082 debes
2004 3025 2333 3082 existimare

431 3131 500 3180 vte
529 3122 798 3181 maximis
844 3121 918 3179 de
961 3121 1136 3181 rebus
1185 3139 1226 3179 a
1264 3119 1438 3179 fratre
1482 3138 1611 3179 esse
1656 3121 1944 3193 celatum3
2002 3122 2089 3179 sin
2136 3131 2333 3180 autem

438 3217 661 3296 aliquid
691 3218 998 3294 impertivit
1023 3218 1125 3275 tibi
1154 3219 1243 3275 sui
1272 3215 1513 3288 consilii,
1531 3218 1678 3276 lenis
1706 3237 1742 3276 a
1767 3227 1833 3276 te·
1853 3226 1910 3276 et
1938 3217 2117 3276 facilis
2139 3219 2334 3277 existi-

448 3318 594 3375 mari
622 3317 829 3386 debeo,
851 3316 951 3392 qui
978 3314 1119 3374 nihil
1150 3311 1353 3374 tecum
1373 3316 1446 3373 de
1473 3314 1563 3374 his
1590 3316 1729 3391 ipsis
1758 3316 1930 3375 rebus
1949 3317 2332 3391 expostulem.

446 3412 551 3486 Et,
597 3414 649 3474 si
694 3412 981 3491 intellegis
1031 3430 1158 3472 non
1212 3431 1310 3473 me
1364 3413 1522 3473 dicto
1546 3412 1811 3487 -Metelli,
1854 3424 1918 3473 ut
1965 3414 2183 3487 scribiS,
2223 3413 2334 3477 sed
