2642 3925
421 262 511 325 44
795 300 803 305 ..
965 258 1044 307 M.
1096 257 1337 310 Τυιιιι
1380 258 1583 307 czcsn
1591 258 1760 308 oms
2101 244 2232 331 [Pars
2259 262 2306 311 1.

424 410 733 474 desiderari
774 414 990 491 putas?
1034 413 1176 474 nolo
1218 432 1698 487 commemorare,
1728 415 1941 492 quibus
1979 418 2154 475 rebus
2195 417 2306 475 sim

423 514 720 590 spoliatuS,
776 529 902 571 non
956 511 1146 571 solum
1200 512 1339 591 quia
1386 531 1510 573 non
1556 513 1809 589 ignoras,
1858 514 1965 573 sed
2007 514 2184 573 etiam
2231 532 2310 573 ne

424 610 751 670 rescindam
804 611 933 688 ipse
986 609 1251 670 dolorem
1304 629 1539 671 meum:
1598 610 1715 670 hoc
1762 611 2067 683 confirm0,
2115 630 2309 689 neque

422 709 599 767 tantis
644 708 817 768 bonis
862 726 993 767 esse
1041 708 1327 785 privatum
1369 726 1726 786 quemquam
1772 727 1966 786 neque
2008 710 2069 768 in
2116 718 2309 769 tantas

420 807 683 866 miserias
737 806 1027 866 incidisse.
1128 804 1273 865 Dies
1318 816 1520 866 autem
1574 824 1698 866 non
1751 806 1935 867 modo
1991 824 2114 865 non
2160 806 2311 865 levat

202 906 232 922 '⁸
332 902 641 1197 {ictum
666 903 841 976 hunc,
870 904 977 962 sed
1002 902 1180 963 etiam
1220 914 1429 980 auget3
1485 922 1626 964 nam
1666 904 1844 964 ceteri
1884 903 2116 963 dolores
2156 809 2367 1191 miti-j

421 1020 464 1077 g

465 1013 632 1060 antur
657 1009 956 1072 vetustate,
984 1000 1080 1060 hie
1108 1018 1231 1059 non
1270 1011 1466 1078 potest
1506 1019 1631 1062 non
1670 1010 1729 1061 et
1770 1019 1950 1061 sensu
1989 1001 2310 1078 praesentis

422 1100 687 1158 miseriae
714 1110 773 1158 et
807 1099 1211 1159 recordatione
1249 1099 1589 1176 praeteritae
1616 1100 1765 1159 vitae
1791 1100 2052 1177 quotidie
2075 1100 2309 1176 augeri:

52 1210 75 1221 “
144 1216 153 1223 ·
261 1266 273 1279 ι
310 1192 312 1199 '
424 1195 691 1256 desidero
744 1195 903 1254 enim
957 1212 1083 1254 non
1135 1213 1269 1256 mea
1321 1196 1514 1256 solum
1568 1214 1762 1274 neque
1812 1214 1999 1269 meos,
2049 1196 2155 1255 sed
2214 1214 2312 1254 me

421 1292 635 1369 ipsum.
717 1290 879 1363 Quid
905 1292 1065 1351 enim
1092 1294 1267 1352 sum?
1351 1292 1471 1352 Sed
1509 1311 1635 1352 non
1671 1291 1884 1353 faciam
1920 1302 1986 1352 ut
2016 1302 2118 1351 aut
2147 1302 2311 1351 tuum

423 1390 683 1449 animum
738 1408 954 1466 angam
1006 1390 1257 1466 querelis
1308 1401 1411 1450 aut
1462 1391 1611 1451 meis
1677 1390 2011 1451 volneribus
2079 1392 2314 1468 saepius

421 1504 632 1547 manus
660 1486 937 1546 adferam.
1023 1486 1179 1545 Nam
1209 1488 1372 1566 quod
1409 1506 1626 1564 purgas
1666 1506 1788 1559 eos,
1817 1506 1971 1565 quos
2013 1506 2128 1565 ego
2169 1489 2314 1548 mihi

423 1584 629 1661 scripsi
657 1584 946 1656 invidisse,
967 1585 1112 1643 etin
1140 1585 1225 1644 eis
1252 1583 1561 1658 Catonem,
1589 1603 1705 1662 ego
1730 1604 1871 1645 vero
1898 1595 2125 1645 tantum
2151 1585 2313 1644 illum

423 1688 569 1755 puto
597 1680 673 1736 ab
699 1678 811 1738 isto
840 1678 1056 1737 scelere
1084 1678 1315 1749 afuisse,
1345 1689 1411 1738 ut
1437 1681 1692 1738 maxime
1732 1679 1965 1739 doleam
1992 1680 2125 1756 plus
2154 1680 2313 1755 apud

424 1795 522 1836 me
576 1776 1002 1856 simulationem
1056 1776 1302 1837 aliorum
1355 1796 1535 1854 quam
1598 1778 1762 1837 istius
1815 1777 1992 1837 fidem
2046 1776 2308 1837 valuisse.

427 1873 667 1934 Ceteros
715 1875 877 1951 quod
924 1893 1154 1952 purgaS‚
1194 1875 1412 1934 debent
1453 1875 1595 1934 mihi
1641 1876 1870 1953 purgati
1913 1892 2062 1945 esse,
2107 1874 2213 1933 tibi
2262 1876 2310 1932 si

427 1985 575 2034 sunt.
667 1993 721 2048 3.
766 1973 883 2034 Sed
922 1974 1069 2033 haec
1113 1991 1245 2034 sero
1292 1975 1540 2050 agimus·
1623 1974 1822 2034 Crassi
1856 1973 2124 2034 libertum
2171 1971 2313 2031 nihil

427 2082 570 2148 puto
626 2073 848 2132 sincere
906 2071 1186 2132 locutum.
1295 2071 1369 2132 In
1424 2082 1634 2132 senatu
1685 2091 1810 2131 rem
1863 2071 2051 2148 probe
2106 2071 2313 2130 scribis

428 2180 634 2228 actam.
719 2169 836 2229 Sed
864 2171 1003 2248 quid
1032 2169 1253 2230 Curio?
1306 2188 1388 2228 an
1415 2171 1573 2229 illam
1602 2169 1927 2228 orationem
1967 2186 2090 2227 non
2131 2167 2312 2244 legit?

428 2285 578 2343 quae
610 2267 765 2325 unde
800 2268 873 2326 sit
913 2267 1140 2343 prolata
1178 2268 1400 2326 nescio.
1513 2267 1630 2326 Sed
1668 2266 2175 2352 Axi-u-sd‘eiusdem¹
2199 2266 2314 2348 diei

428 2364 687 2423 scribens
714 2364 789 2422 ad
815 2382 911 2422 me
939 2374 1088 2436 acta,
1116 2382 1240 2423 non
1268 2365 1350 2423 ita
1375 2365 1571 2423 laudat
1598 2363 1932 2424 Curionem.
2014 2363 2094 2422 At
2120 2373 2316 2440 potest

426 2461 520 2520 ille
566 2461 782 2538 aliquid
829 2462 1314 2538 praetermittere3
1373 2473 1453 2532 tu,
1502 2463 1614 2522 nisi
1659 2461 1823 2538 quod
1869 2469 2008 2532 erat,
2047 2461 2313 2537 profecto

427 2577 549 2619 non
603 2559 893 2635 scripsisti.
1006 2559 1290 2620 Varronis
1360 2577 1555 2619 sermo
1624 2559 1763 2619 facit
1816 2558 2314 2634 exspectationem

428 2655 713 2724 Caesaris,
742 2667 915 2733 atque
948 2657 1174 2716 utinam
1215 2656 1340 2735 ipse
1367 2658 1556 2718 Varro
1597 2657 1898 2716 incumbat
1936 2657 1999 2714 in
2039 2658 2310 2716 causam!

426 2755 588 2831 quod
613 2755 877 2832 profecto
904 2774 1040 2815 cum
1068 2773 1175 2814 sua
1214 2767 1444 2833 sponte,
1471 2765 1596 2814 tum
1623 2765 1682 2814 te
1708 2755 1956 2814 instante
1982 2724 2237 2841 facien,
2254 2771 2312 2824 4.

429 2853 580 2929 Ego,
608 2855 659 2913 si
684 2872 781 2913 me
809 2854 1122 2931 aliquando
1150 2855 1324 2913 vestri
1360 2863 1419 2914 et
1445 2854 1664 2931 patriae
1704 2861 2042 2928 compotem
2081 2851 2316 2911 fortuna

429 2950 645 3023 fecerit,
668 2962 821 3010 certe
850 2952 1098 3011 efficiam
1123 2961 1189 3011 ut
1214 2951 1469 3010 maxime
1497 2951 1708 3009 laetere
1740 2967 1893 3008 unus
1933 2966 2010 3007 ex
2038 2949 2314 3007 omnibus

430 3047 652 3119 amicis,
718 3066 969 3124 meaque
1035 3049 1226 3109 officia
1284 3059 1344 3107 et
1412 3048 1618 3118 studia,
1672 3064 1826 3123 quae
1878 3063 2087 3123 parum
2141 3056 2316 3104 antea

430 3145 1077 3205 luxerunt—fatendum
1132 3155 1223 3205 est
1275 3145 1534 3216 enim—,
1590 3145 1675 3204 sic
1729 3161 2031 3220 exsequar,
2085 3153 2151 3203 ut
2215 3160 2314 3201 me

432 3258 615 3317 aeque
642 3241 744 3299 tibi
770 3259 842 3300 ac
869 3241 1026 3300 fratri
1061 3251 1119 3301 et
1144 3242 1339 3301 liberis
1379 3241 1592 3300 nostris
1619 3241 1944 3300 restitutum
1983 3250 2168 3318 puteS.
2250 3239 2315 3300 Si

433 3337 573 3411 quid
600 3339 660 3395 in
687 3347 743 3396 te
780 3339 1035 3414 peccavi,
1078 3356 1148 3397 ac
1188 3340 1381 3415 potius
1421 3340 1703 3413 quoniam
1743 3337 1995 3414 peccavi,
2037 3338 2314 3413 ignosce3

433 3432 495 3491 in
521 3450 616 3492 me
644 3436 799 3493 enim
826 3435 1019 3512 ipsum
1046 3437 1285 3515 peccavi
1312 3435 1728 3496 vehementius
1812 3433 2020 3511 Neque
2061 3434 2206 3495 haec
2239 3451 2316 3494 eo
