2642 3925
463 245 583 308 180
637 254 642 259 ·
721 247 726 250 ’
898 215 906 224 ’
1015 255 1092 304 Μ.
1123 253 1383 326 ‚wart
1423 251 1798 302 crcERoms
2076 239 2239 322 [Pars
2270 253 2363 300 iv,

459 410 774 486 cogitatum
823 415 930 466 est.
1017 406 1156 479 Qua
1200 423 1266 464 re
1310 403 1618 464 voluntatis
1667 421 1763 462 me
1810 419 1981 461 meae
2029 421 2365 479 numquam

458 507 803 584 paenitebit3
863 505 1088 564 consilii
1130 504 1401 581 paenitet.
1490 501 1564 560 In
1611 501 1833 578 oppido
1883 500 2079 577 aliquo
2122 503 2367 560 mallem

460 605 762 674 resedisse,
811 603 1010 680 quoad
1058 619 1410 660 arcesseret:
1470 600 1662 658 minus
1708 600 1995 658 sermonis
2046 601 2363 670 subissem,

463 705 658 761 minus
701 702 1060 777 accepissem
1102 699 1360 770 doloris;
1404 699 1597 775 ipsum
1638 698 1753 757 hoc
1792 716 1891 756 me
1932 716 2057 755 non
2100 708 2366 774 angeret.

463 799 752 860 Brundisii
779 799 963 857 iacere
997 798 1058 856 in
1098 815 1307 856 omnes
1336 807 1527 873 partes
1568 805 1657 854 est
1692 795 2024 854 molestum.
2110 795 2365 871 Propius

464 897 755 966 accedere,
778 906 842 954 ut
873 895 1101 964 suades,
1124 910 1244 970 quo
1272 893 1456 951 modo
1486 894 1611 950 sine
1648 893 1963 962 lictoribuS,
1988 911 2140 968 quos
2168 911 2365 970 popu-

463 993 554 1052 lus
583 994 758 1064 dedit,
779 992 1064 1069 possum?
1109 993 1207 1067 qui
1237 990 1380 1048 mihi
1408 989 1685 1048 incolumi
1718 990 1894 1047 adimi
1922 1008 2048 1047 non
2077 1001 2365 1066 possunt;

464 1109 618 1166 quos
655 1108 769 1166 ego
809 1108 968 1148 nunc
997 1089 1289 1166 paulisper
1330 1105 1467 1146 cum
1499 1087 1721 1146 bacillis
1762 1088 1823 1145 in
1862 1089 2090 1146 turbam
2134 1089 2368 1146 conieci

465 1189 544 1246 ad
591 1187 878 1264 oppidum
925 1186 1230 1255 accedens,
1279 1203 1355 1243 ne
1404 1184 1535 1262 quis
1582 1185 1833 1260 impetus
1889 1185 2135 1243 militum
2186 1185 2371 1244 fieret.

469 1290 508 1354 †
537 1284 784 1361 Recipio
814 1293 1077 1360 tempore
1109 1300 1214 1343 me
1253 1283 1451 1341 domo.
1539 1301 1592 1356 3.
1636 1281 1728 1340 Te
1766 1301 1925 1341 nunc
1964 1283 2039 1340 ad
2077 1283 2373 1358 oppidum

469 1394 530 1442 et
558 1383 833 1460 quoniam
861 1381 952 1438 his
980 1381 1232 1456 placeret
1262 1380 1444 1438 modo
1475 1381 1715 1456 propius
1742 1381 2037 1450 accedere,
2061 1390 2123 1438 ut
2150 1379 2261 1437 hac
2290 1379 2373 1438 de

471 1501 534 1568 re
580 1480 1044 1539 considerarent:
1107 1478 1284 1536 credo
1335 1477 1458 1536 fore
1508 1489 1790 1536 auctores.
1879 1477 1974 1536 Sic
2017 1478 2176 1536 enim
2221 1476 2373 1535 reci·
2439 1503 2447 1510 ·

473 1579 661 1655 piunt,
697 1575 938 1636 Caesari
965 1593 1099 1633 -non
1137 1575 1320 1633 modo
1359 1576 1433 1632 de
1470 1575 1888 1644 conservanda,
1925 1575 2030 1634 sed
2072 1577 2247 1632 etiam
2290 1576 2373 1633 de

475 1674 742 1752 augenda
782 1691 916 1734 mea
955 1673 1233 1748 dignitate
1277 1691 1449 1731 curae
1493 1673 1637 1744 fore,
1679 1691 1892 1749 meque
1940 1672 2259 1742 hortantur,
2302 1685 2373 1734 ut

474 1791 694 1850 magno
735 1773 934 1836 animo
977 1771 1104 1841 sim,
1146 1782 1210 1828 ut
1251 1772 1453 1830 omnia
1492 1790 1724 1832 summa
1764 1789 2029 1847 sperem:
2074 1790 2145 1830 ea
2186 1790 2372 1848 spon-

479 1875 633 1944 dent,
671 1871 1036 1941 confirmant,
1062 1887 1216 1946 quae
1259 1869 1497 1945 quidem
1536 1869 1679 1928 mihi
1720 1870 2111 1946 exploratiora
2152 1880 2370 1941 essent,

481 1972 530 2031 si
575 1969 1002 2032 remansissem.
1089 1968 1206 2027 Sed
1252 1970 1457 2044 ingero
1506 1970 1824 2044 praeterita.
1908 1968 2097 2039 Vide,
2122 1987 2365 2045 quaeSO,

479 2070 652 2145 igitur
687 2086 773 2137 ea,
804 2086 955 2143 quae
995 2077 1228 2136 restant,
1255 2076 1317 2125 et
1355 2067 1595 2143 explora
1632 2085 1769 2125 cum
1796 2068 1935 2138 istis,
1966 2079 2023 2125 et
2056 2068 2105 2125 si
2132 2070 2372 2143 putabis.

477 2184 630 2241 opus
668 2180 798 2229 esse
835 2178 894 2221 et
933 2164 979 2223 si
1008 2164 1130 2222 istis
1163 2163 1431 2239 placebit,
1460 2181 1580 2240 quo
1618 2165 1806 2239 magis
1845 2164 2064 2223 factum
2102 2174 2371 2225 nostrum

481 2262 698 2321 Caesar
739 2263 948 2337 probet
989 2262 1155 2336 quasi
1198 2262 1273 2320 de
1318 2278 1557 2319 suorum
1602 2264 1887 2320 sententia
1928 2262 2163 2332 factum,
2204 2262 2370 2322 adhi-

479 2361 724 2417 beantur
750 2356 1123 2428 Trebonius,
1173 2357 1383 2429 Pansa,
1441 2358 1489 2417 si
1539 2359 1644 2435 qui
1698 2360 1809 2431 alii,
1868 2360 2239 2435 scribantque
2294 2359 2375 2419 ad

479 2454 795 2520 Caesarem
822 2472 936 2525 me,
966 2455 1243 2530 quicquid
1274 2455 1527 2527 fecerim,
1558 2456 1632 2515 de
1658 2474 1767 2515 sua
1796 2459 2077 2516 sententia
2104 2458 2331 2517 fecisse.

565 2572 618 2625 4.
664 2551 890 2611 Tulliae
938 2570 1106 2613 meae
1153 2554 1398 2613 morbus
1446 2563 1506 2613 et
1552 2554 1911 2613 imbecillitas
1962 2557 2225 2631 corporis
2274 2576 2373 2615 me

481 2652 792 2721 exanimat,
833 2668 1014 2726 quam
1055 2651 1160 2710 tibi
1201 2651 1476 2726 intellego
1517 2670 1767 2727 magnae
1808 2671 1979 2710 curae
2018 2671 2165 2725 esse,
2208 2656 2377 2729 quod

483 2761 574 2811 est
602 2749 744 2807 mihi
771 2749 1181 2825 gratissimum.
1263 2763 1321 2823 5.
1363 2748 1456 2807 De
1484 2749 1750 2825 Pompeii
1778 2751 1937 2809 exitu
1963 2750 2105 2809 mihi
2132 2753 2377 2812 dubium

485 2865 806 2923 numquam
853 2846 998 2919 fuit;
1060 2857 1221 2905 tanta
1263 2848 1421 2905 enim
1468 2847 1791 2923 desperatio
1835 2868 2029 2907 rerum
2076 2851 2201 2909 eius
2247 2871 2375 2911 om-

487 2946 650 3006 nium
697 2964 904 3022 regum
951 2955 1009 3005 et
1056 2944 1407 3021 populorum
1456 2946 1684 3003 animos
1732 2958 2063 3023 occuparat,
2108 2960 2187 3019 ut,
2230 2969 2378 3026 quo-

485 3062 741 3119 cumque
789 3044 1056 3114 venisset‚
1101 3042 1216 3102 hoc
1263 3051 1528 3119 putarem
1572 3041 1843 3102 futurum.
1944 3044 2003 3103 N
2004 3063 2085 3103 on
2132 3064 2380 3122 possum

487 3142 616 3207 eius
643 3159 842 3201 casum
871 3158 994 3199 non
1025 3140 1259 3213 dolere;
1301 3139 1605 3199 hominem
1633 3140 1790 3198 enim
1828 3142 2115 3217 integrum
2156 3153 2213 3201 et
2252 3164 2379 3204 cas·-

493 3251 618 3298 tum
669 3248 731 3297 et
785 3256 1020 3313 gravem
1075 3238 1347 3315 cognovi.
1430 3238 1485 3296 6.
1534 3236 1627 3295 De
1682 3236 1911 3297 Fannio
1966 3242 2235 3301 consoler
2283 3245 2381 3303 te?

497 3336 824 3413 perniciosa
850 3335 1193 3411 loquebatur
1220 3336 1295 3395 de
1330 3336 1635 3395 mansione
1662 3344 1763 3394 tua
1776 3356 1793 3409 ;
1840 3336 1908 3395 L.
1936 3356 2071 3397 vero
2100 3338 2379 3401 Lentulus

501 3432 804 3490 Hortensii
833 3432 1074 3490 domum
1103 3433 1210 3511 sib}
1237 3442 1302 3491 et.
1326 3432 1587 3493 Caesaris
1614 3432 1813 3493 hortos
1843 3445 1900 3493 et
1929 3436 2100 3495 Baias
2130 3437 2381 3515 despon-
