2642 3925
463 262 553 329 30
876 300 884 308 .
1005 256 1084 309 Μ.
1135 256 1376 305 TULLII
1416 256 1793 306 CICERONIS
2143 240 2286 330 [Pan
2308 258 2346 307 ι.

459 413 744 473 scriberet
793 412 1074 491 displiceo
1117 413 1261 472 mihi
1301 432 1413 473 nec
1453 414 1580 473 sine
1620 431 1853 474 summo
1894 413 2085 473 scribo
2125 413 2346 473 dolore.

456 508 569 569 Me
610 521 793 584 tueor,
828 520 895 570 ut
933 512 1231 588 oppressis
1271 511 1562 581 omnibus,
1604 528 1727 570 non
1763 511 2037 583 demisse,
2073 519 2139 569 ut
2173 511 2349 569 tantis

460 609 636 669 rebus
671 610 865 686 gestiS,
903 627 1110 685 pamm
1147 608 1382 669 fortiter.
1463 609 1522 668 A
1560 606 1810 669 Caesare
1846 608 2012 667 valde
2047 608 2352 669 liberaliter

461 704 673 765 invitor
716 701 806 785 [in
843 705 1192 781 legationem
1234 700 1436 786 illam}
1477 706 1587 764 sibi
1627 716 1693 765 ut
1731 707 1844 765 sim
1891 705 2134 781 legatus,
2174 716 2348 783 atque

458 802 636 861 etiam
670 802 851 862 libera
884 801 1096 878 legatio
1123 802 1241 859 voti
1279 820 1456 861 causa
1494 803 1676 862 datur.
1761 801 1879 861 Sed
1915 802 2060 862 haec
2095 811 2156 862 et
2184 820 2349 878 prae-

459 898 591 959 sidii
624 899 782 975 apud
797 942 803 948 ·
817 899 1103 977 pudorem
1129 898 1406 959 Pulchelli
1445 917 1569 959 non
1604 899 1781 959 habet
1817 900 1956 959 satis
1991 909 2053 959 et
2088 918 2126 959 a
2160 897 2348 959 fratris

459 996 712 1055 adventu
750 1014 848 1055 me
887 995 1118 1072 ablegat
1130 1016 1152 1069 ;.
1191 997 1288 1056 illa
1321 1007 1380 1057 et
1413 996 1688 1056 munitior
1727 1005 1816 1055 est
1852 1005 1911 1055 et
1946 1013 2070 1055 non
2107 996 2349 1073 impedit

457 1110 579 1170 quo
631 1094 827 1153 minus
887 1093 1090 1165 adsim,
1146 1113 1282 1153 cum
1336 1095 1542 1154 velim:
1611 1094 1766 1154 hanc
1818 1111 1934 1170 ego
1989 1104 2208 1165 tene0„
2237 1093 2348 1153 sed

456 1207 700 1262 usurum
724 1209 823 1250 me
847 1208 972 1250 non
996 1201 1174 1268 puto;
1214 1209 1407 1268 neque
1433 1203 1631 1251 tamen
1658 1192 1766 1251 scit
1791 1192 2117 1268 quisquam.
2202 1190 2346 1251 Non

457 1286 619 1347 lubet
680 1287 897 1364 fugere,
962 1307 1108 1348 aveo
1172 1308 1451 1366 pugnare.
1550 1288 1776 1366 Magna
1838 1299 1977 1349 sunt
2037 1289 2345 1350 hominum

458 1386 665 1445 studia.
750 1384 870 1446 Sed
908 1386 1050 1446 nihil
1089 1386 1353 1458 adfirmo,
1392 1396 1457 1447 tu
1491 1386 1607 1447 hoc
1642 1388 1855 1447 silebis·
1939 1405 1995 1458 4.
2025 1385 2117 1446 De
2157 1386 2341 1453 Statio

458 1500 641 1542 manu
664 1484 846 1542 misso
883 1493 944 1544 et
977 1502 1101 1543 non
1128 1484 1298 1543 nullis
1334 1485 1458 1544 aliis
1483 1487 1656 1545 rebus
1694 1502 1885 1564 angor
1918 1485 2211 1562 equidem,
2239 1483 2343 1544 sed

456 1580 578 1640 iam
640 1596 874 1656 prorsus
941 1581 1199 1641 occallui.
1301 1581 1404 1642 Tu
1468 1583 1674 1643 vellem
1737 1599 1853 1657 ego
1915 1582 2007 1639 vel
2067 1600 2343 1657 cuperem

458 1677 728 1736 adesses:
767 1696 877 1737 nec
913 1677 1057 1738 mihi
1083 1678 1389 1738 consilium
1416 1697 1527 1739 nec
1552 1680 1875 1739 consolatio
1903 1679 2146 1740 deesset.
2222 1678 2343 1740 Sed

458 1774 542 1836 ita
566 1784 624 1835 te
650 1793 808 1854 para,
835 1786 916 1849 ut,
945 1776 998 1837 si
1020 1777 1357 1850 inclamaro,
1386 1777 1636 1838 advoles.
1709 1801 1822 1892 ff

909 1948 999 2006 12.
1079 1943 1194 2006 AD
1234 1942 1622 2006 ATTICUM
1663 1942 1743 2005 11.
1793 1965 1881 2023 19.
2121 1913 2270 2023 ‘22²

729 2059 865 2124 Sca.
907 2061 1126 2124 Rom
1166 2082 1356 2123 nm
1398 2061 1689 2135 Quum-ru
1727 2079 1894 2123 Asuc-
1942 2062 2080 2138 695.

1093 2187 1296 2230 cremo
1337 2187 1550 2231 unco
1590 2186 1716 2229 sar„

544 2299 596 2341 1.
645 2280 875 2341 Murra
900 2300 998 2341 me
1028 2283 1342 2341 sollicitant
1365 2292 1426 2341 et
1453 2301 1526 2340 ex
1552 2283 1635 2341 rei
1662 2281 1926 2358 publicae
1966 2292 2130 2343 tanto
2171 2292 2339 2348 motu

455 2392 514 2439 et
541 2397 616 2438 ex
643 2380 712 2438 iis
740 2379 1023 2456 periculis,
1051 2397 1202 2454 quae
1238 2379 1377 2437 mihi
1421 2379 1532 2455 ipsi
1572 2380 1959 2450 intenduntur,
1981 2390 2048 2438 et
2074 2390 2339 2439 sescenta

456 2488 625 2550 sunt3
668 2478 775 2538 sed
811 2476 956 2536 mihi
996 2476 1136 2535 nihil
1177 2488 1266 2537 est
1305 2477 1606 2536 molestius
1648 2494 1826 2554 quam
1867 2476 2116 2537 Statium
2154 2496 2339 2538 manu

451 2576 732 2645 missum:
754 2614 767 2625 «

517 2688 622 2738 Nee
651 2704 809 2738 meum
841 2689 1110 2751 imperium:
1141 2704 1197 2738 ac
1229 2690 1370 2737 mitto
1402 2690 1671 2750 imperium:
1703 2706 1800 2739 non
1832 2691 2114 2739 simultatem
2137 2706 2313 2739 meam·

517 2772 733 2822 Revereri
765 2773 955 2822 saltem!
2127 2844 2130 2849 A

448 2870 514 2932 N
516 2891 584 2932 ec
624 2873 766 2950 quid
806 2872 1017 2931 faciam
1060 2873 1201 2944 scio,
1239 2891 1431 2949 neque
1472 2882 1697 2932 tantum
1737 2882 1826 2932 est
1866 2875 1929 2932 in
1968 2894 2049 2945 re,
2081 2886 2336 2952 quantus

449 2982 543 3030 est
589 2989 802 3031 sermo,
885 2970 1017 3048 Ego
1061 2981 1256 3030 autem
1315 2990 1392 3030 ne
1448 2972 1616 3030 irasci
1674 2989 1916 3048 possum
1970 2972 2208 3048 quidem
2260 2973 2335 3032 iis

448 3086 604 3146 quos
664 3069 830 3128 valde
886 3086 1059 3129 amo:
1127 3079 1353 3128 tantum
1409 3070 1600 3140 doleo,
1656 3087 1727 3128 ae
1784 3069 2021 3128 mirifice
2080 3071 2335 3147 quidem.

451 3169 497 3238 †
526 3165 738 3226 Cetera
764 3167 826 3224 in
852 3167 1082 3242 magnis
1112 3168 1284 3226 rebus
1305 3186 1321 3240 ;
1350 3168 1543 3255 minae
1574 3166 1764 3226 Clodii
1793 3168 2333 3244 contentionesque,

452 3284 589 3341 quae
648 3264 791 3323 mihi
847 3276 1271 3341 proponuntur,
1327 3258 1561 3324 modice
1615 3283 1712 3323 me
1763 3273 2047 3341 tangunt:
2115 3268 2335 3325 etenim

457 3362 548 3419 vel
601 3362 791 3421 subire
844 3379 948 3419 eas
990 3361 1189 3420 videor
1242 3362 1385 3419 mihi
1440 3344 1670 3420 summa
1723 3380 1858 3421 cum
1914 3362 2189 3438 dignitate
2244 3364 2336 3424 vel

459 3459 743 3519 declinare
799 3458 953 3518 nulla
1004 3477 1142 3518 cum
1193 3459 1460 3517 molestia
1513 3476 1740 3536 posse·
1807 3459 1985 3519 Dices
2044 3459 2287 3521 sortasse
2307 3481 2360 3521 :A

1351 3652 1379 3678 1
