2642 3925
323 271 430 334 Ἑρ.
462 257 574 344 83]
711 273 942 329 EPIST.
983 275 1084 324 AD
1126 277 1570 328 FAMILIARES
1610 274 1728 328 xv.
1780 278 1878 350 15.
2093 261 2130 327 '1
2142 261 2179 324 8
2183 277 2224 346 5

323 430 398 486 ,at
452 428 610 480 'certe
664 435 930 483 nostrum
985 425 1258 485 iudicium
1316 427 1539 486 definiri
1596 429 1919 487 convenire.
2012 425 2223 501 Neque

333 520 644 597 quisquam
672 520 824 581 hanc
861 534 1120 582 nostram
1157 527 1504 584 sententiam
1539 544 1671 584 vere
1707 542 1988 601 umquam
2023 540 2220 599 repre-

271 637 284 658 ‘
327 616 538 676 hendit
590 630 818 694 praeter
874 639 993 692 eOS,
1045 623 1145 698 qui
1199 624 1546 682 arbitrantur
1601 624 1806 681 melius
1862 640 1990 680 esse
2048 619 2223 678 deleri

333 716 582 774 omnino
620 727 747 774 rem
787 719 1082 792 publicam
1123 737 1301 797 quam
1344 721 1713 779 imminutam
1762 730 1820 780 et
1869 718 2222 802 debilitatam

333 831 605 873 manere:
648 833 761 890 ego
803 826 997 875 autem
1037 835 1111 874 ex
1147 819 1376 876 interitu
1416 821 1539 878 eius
1563 819 1782 877 nullam
1810 835 1977 893 spem
2006 815 2222 874 scilicet

331 911 476 968 mihi
513 915 937 988 proponebam,
967 934 1040 973 ex
1077 916 1329 992 reliquiis
1357 935 1653 1006 magnam.
1742 935 1796 975 2.
1841 914 1958 973 Sed
1985 932 2057 972 ea
2083 923 2220 972 sunt

333 1021 665 1081 consecuta,
689 1022 752 1069 ut
779 1014 968 1089 magis
997 1015 1207 1072 mirum
1235 1016 1308 1074 sit
1336 1001 1597 1074 accidere
1626 1015 1720 1072 illa
1747 1015 2021 1090 potuisse,
2042 1029 2221 1087 quam

323 1124 446 1166 nos
486 1127 607 1166 non
654 1109 866 1169 ‘vidisse
913 1130 986 1170 ea
1034 1111 1225 1172 futura
1271 1132 1400 1185 nec,
1423 1114 1708 1172 homines
1757 1130 1893 1170 cum
1941 1127 2219 1180 essemuS,

333 1205 588 1266 divinare
643 1210 918 1286 potuisse.
965 1245 970 1250 -
1011 1209 1300 1288 Equidem
1356 1212 1538 1270 fateor
1588 1229 1780 1268 meam
1829 1209 2221 1268 coniecturam

331 1302 484 1362 hanc
525 1305 721 1378 fuisse,
757 1295 822 1366 tit
861 1308 960 1368 illo
995 1311 1164 1384 quasi
1200 1311 1462 1387 quodam
1505 1309 1659 1367 fatali
1702 1307 1925 1384 proelio
1967 1305 2120 1364 sacto
2164 1315 2220 1364 et

321 1403 578 1464 -victores
631 1409 930 1466 communi
987 1409 1154 1467 saluti
1209 1407 1433 1467 consuli
1488 1407 1702 1465 vellent
1756 1415 1815 1465 et
1868 1405 2000 1463 victi
2062 1412 2219 1474 suae,

329 1513 640 1578 utrumque
695 1516 888 1564 autem
943 1509 1202 1584 positum
1255 1525 1385 1566 esse
1438 1506 1741 1567 arbitrarer
1804 1504 1867 1562 in
1930 1503 2218 1562 celeritate

330 1601 595 1660 victoris:
664 1620 814 1678 quae
871 1605 920 1663 si
973 1605 1192 1675 fuisset,
1249 1605 1501 1664 eandem
1557 1603 1925 1662 clementiam
1981 1611 2220 1677 experta

244 1729 250 1734 ·
325 1711 484 1756 esset
517 1699 729 1772 Africa,
759 1720 938 1777 quam
977 1703 1252 1778 cognovit
1291 1703 1452 1773 Asia,
1481 1720 1659 1778 quam
1688 1701 1862 1759 etiam
1892 1699 2114 1758 Achaia
2140 1708 2215 1763 te,

331 1807 397 1854 ut
445 1799 674 1873 opinor,
718 1800 852 1876 ipso
901 1800 1094 1876 legato
1149 1821 1219 1860 ac
1276 1801 1653 1878 deprecatore
1669 1818 1686 1871 3
1744 1798 1973 1856 amissis
2022 1806 2219 1854 autem

329 1897 705 1971 temporibuS,
748 1914 900 1973 quae
948 1899 1260 1975 plurimum
1306 1899 1515 1969 valent,
1560 1896 1897 1974 praesertim
1946 1895 2005 1953 in
2053 1894 2218 1952 bellis

331 1995 607 2067 civilibuS,
657 1996 1025 2073 interpositus
1075 2016 1263 2057 annus
1310 1998 1457 2057 alios
1510 1997 1752 2073 induxit,
1803 2004 1866 2053 ut
1919 1989 2218 2052 victoriam

331 2103 644 2168 sperarent,
662 2094 850 2166 'alios,
893 2106 956 2153 ut
1005 2098 1198 2171 ipsum
1252 2096 1408 2165 vinci
1463 2102 1918 2154 contemnerent.
2022 2092 2215 2167 Atque

320 2192 550 2259 horum·
580 2192 869 2251 malorum
909 2194 1172 2275 omnium
1215 2194 1449 2269 culpam
1492 2191 1723 2251 fortuna
1764 2192 2035 2250 sustinet:
2085 2191 2215 2267 quis

331 2290 488 2348 enim
546 2301 644 2349 aut
691 2289 1071 2349 Alexandrini
1128 2289 1262 2349 belli
1316 2302 1536 2350 tantam
1591 2309 1819 2350 moram
1876 2289 2009 2347 huic
2063 2288 2214 2348 bello

325 2388 666 2446 'adiunctum
705 2388 775 2447 iri
813 2399 911 2447 aut
953 2391 1154 2448 nescio
1193 2407 1375 2466 quem
1414 2390 1586 2448 istum
1634 2389 1991 2446 Pharnacem
2036 2386 2214 2445 Asiae

318 2496 604 2546 terrorem
645 2486 932 2545 illaturum
981 2490 1246 2564 putaret?
1332 2508 1386 2565 3.
1436 2489 1565 2548 Nos
1615 2500 1811 2547 tamen
1860 2488 1922 2544 in
1970 2486 2214 2545 consilio

321 2585 456 2660 ..pari
485 2603 628 2643 casu
655 2586 914 2645 dissimili
941 2588 1030 2645 usi
1060 2606 1294 2647 sumus:
1321 2599 1386 2647 tu
1415 2590 1572 2647 enim
1600 2606 1730 2645 earn
1760 2596 1985 2663 partem
2004 2585 2214 2660 petisti,

327 2694 394 2741 ut
433 2694 492 2742 et
532 2683 789 2743 consiliis
828 2685 1135 2744 interesses
1177 2696 1252 2757 et,
1289 2687 1452 2762 quod
1498 2687 1753 2744 maxime
1802 2700 2003 2742 curam
2050 2682 2214 2752 levat,

319 2780 521 2840 futura
573 2782 772 2840 animo
828 2783 1163 2858 prospicere
1218 2801 1426 2859 posses
1444 2802 1478 2852 z⁸
1510 2802 1640 2859 eg0,
1682 2783 1781 2858 qui
1832 2780 2110 2851 festinavi,
2152 2794 2216 2837 ut

329 2878 644 2937 Caesarem
690 2880 751 2937 in
807 2879 972 2938 Italia
1025 2881 1451 2940 viderem—sic
1508 2881 1665 2938 enim
1720 2878 2217 2938 arbitrabamur—-

329 2994 580 3052 eumque
619 2978 812 3036 multis
851 2978 1272 3037 honestissimis
1307 2978 1443 3037 viris
1482 2977 1837 3036 conservatis
1878 2976 2216 3035 redeuntem

325 3074 406 3133 ad
453 3091 662 3150 pacem
711 3084 1054 3144 currentem,
1098 3086 1159 3133 ut
1213 3076 1390 3145 aiunt,
1432 3076 1751 3145 incitarem,
1807 3075 1884 3131 ab
1939 3074 2036 3132 illo
2089 3074 2216 3132 lon-

263 3235 270 3241 ,
327 3172 566 3249 gissime
593 3180 653 3230 et
680 3173 888 3230 absum
919 3182 976 3229 et
1004 3171 1138 3231 afui.
1210 3172 1433 3231 Versor
1457 3184 1651 3232 autem
1680 3174 1741 3231 in
1770 3172 1990 3250 gemitu
2016 3172 2217 3229 Italiae

328 3280 388 3327 et
414 3269 476 3326 in
494 3269 654 3327 urbis
682 3269 1016 3327 miserrimis
1046 3271 1310 3344 querelis,
1334 3271 1545 3346 quibus
1573 3270 1791 3347 aliquid
1818 3271 1949 3345 opis
1975 3268 2217 3327 fortasse

327 3385 443 3443 ego
493 3382 602 3441 pro
650 3384 800 3435 mea,
845 3376 908 3423 tu
953 3384 1062 3441 pro
1113 3376 1229 3436 tua,
1270 3385 1379 3443 pro
1422 3386 1529 3426 sua
1570 3370 1815 3445 quisque
1858 3378 2021 3441 parte
2066 3365 2215 3424 ferre
2270 3376 2287 3394 ⁸

326 3465 630 3543 potuisset,
667 3463 718 3522 si
759 3474 957 3522 auctor
998 3463 1288 3523 adfuisset.
1372 3483 1430 3538 4.
1472 3463 1610 3536 Qua
1649 3483 1713 3523 re
1753 3463 1925 3522 velim
1964 3480 2075 3540 pro
2120 3474 2218 3521 tua
