2642 3925
280 257 372 318 Ep.
405 239 512 326 78.]
699 256 704 260 ·
738 253 962 302 EPIST.
1008 252 1106 302 AD
1148 252 1481 303 ATTICUM
1517 255 1613 302 xz.
1658 260 1721 319 4.
2052 254 2173 324 177

753 481 844 537 78.
929 479 1046 537 AD
1086 479 1473 538 ATTICUM
1515 480 1623 538 XI.
1667 498 1723 552 4.

371 593 502 655 Seu.
533 611 598 653 m
636 611 866 653 CAs‘rms
905 594 1152 654 Pomm
1193 613 1381 654 MENSE
1423 594 1709 667 Quum-m
1750 611 1919 655 Aue.
1953 595 2090 671 706.

917 719 1120 768 emmo
1162 720 1377 762 unco
1416 720 1539 762 sAr„

379 835 427 874 1.
469 809 688 876 Aocrm
715 814 790 873 ab
817 813 1048 874 Isidoro
1076 815 1292 875 litteras
1319 826 1377 874 et
1404 827 1613 892 postea
1650 816 1815 875 datas
1853 817 2056 876 binas-z
2100 835 2175 876 ex

287 914 570 992 proximis
612 914 860 988 cognovi
902 913 1138 998 praedia
1179 931 1300 972 non
1340 915 1606 998 venissej,
1650 915 1870 973 videbis
1912 932 2069 990 ergo,
2111 907 2203 973 ut'

289 1022 639 1073 sustentetur
666 1029 771 1087 per
808 1020 882 1070 te.
964 1010 1057 1069 De
1094 1010 1415 1083 Frusinati,.
1431 1013 1479 1070 si
1520 1013 1714 1071 modo
1741 1012 1915 1071 futuri
1956 1031 2173 1086 sumus„

288 1111 396 1170 erit
443 1109 584 1167 mihi
631 1127 722 1167 res
779 1120 1124 1184 opportuna.
1209 1108 1379 1168 Meas
1434 1110 1647 1168 litteras
1702 1110 1864 1186 quod
1916 1113 2175 1187 requiriS,

291 1208 580 1284 impedior
615 1207 813 1282 inopia
849 1225 1058 1276 rerum,
1089 1199 1236 1283 quas
1253 1253 1256 1256 .
1275 1196 1462 1266 nullas
1500 1207 1688 1266 habeo
1727 1207 1923 1266 litteris
1954 1209 2174 1284 dignam,

291 1307 508 1382 quippe
537 1305 630 1364 cui
659 1323 769 1363 nec
791 1323 941 1381 quae
969 1305 1237 1363 accidunt
1265 1323 1379 1373 nec,
1397 1324 1547 1382 quae
1575 1317 1823 1382 aguntur
1848 1306 1967 1364 ullo
1996 1307 2177 1366 modo

291 1406 627 1482 probentur.
708 1401 945 1461 Utinam
983 1421 1180 1461 coram
1217 1412 1413 1461 tecum
1452 1404 1593 1462 olim
1631 1403 1825 1479 potius
1854 1423 2032 1481 quam
2071 1423 2178 1481 per

294 1500 599 1576 epistolas!
641 1500 760 1558 Hic
793 1512 909 1572 tua,
945 1509 1010 1557 ut
1043 1516 1298 1574 possum,
1346 1510 1511 1558 tueor
1554 1501 1711 1577 apud
1751 1501 1879 1560 hos.
1969 1501 2179 1561 Cetera

297 1597 482 1657 Celer.
565 1597 702 1672 Ipse
730 1597 850 1672 fugi
880 1596 1068 1656 adhuc
1097 1613 1274 1654 omne
1303 1615 1533 1666 munus,
1565 1617 1639 1657 eo
1667 1601 1871 1675 magiS‚
1903 1600 2062 1676 quod
2100 1601 2181 1660 ita

295 1696 440 1756 nihil
465 1704 693 1772 poterat
719 1695 830 1770 agi,
858 1703 922 1752 ut
947 1694 1090 1752 mihi
1117 1704 1177 1754 et
1202 1695 1349 1754 meis
1375 1697 1547 1756 rebus
1575 1709 1775 1774 aptum
1804 1707 1975 1758 esset.

383 1813 435 1854 2.
485 1793 644 1866 Quid
693 1794 763 1852 sit
818 1803 1047 1868 gestum
1102 1793 1258 1863 novi,
1306 1795 1569 1870 quaeris:
1626 1813 1699 1853 ex
1748 1795 1978 1854 Isidoro
2032 1798 2190 1856 scire*

296 1881 514 1970 poteris
530 1910 546 1964 3
605 1891 822 1968 reliqua
865 1909 999 1975 ‘non
1053 1890 1319 1948 videntur
1375 1907 1504 1950 esse
1560 1893 1895 1951 difficiliora.
1978 1893 2073 1952 Tu
2120 1895 2193 1954 id·

294 1992 488 2062 velim,
526 1990 686 2067 quod
727 1990 840 2049 scis
883 2008 978 2047 me
1019 1990 1273 2048 maxime
1315 1989 1476 2061 velle,
1518 2007 1703 2061 cures,
1745 2000 1810 2047 ut
1858 1991 2073 2064 scribis,
2116 2004 2195 2052 ut·

293 2087 454 2147 facis,
551 2086 654 2145 Me
718 2084 950 2144 conficit
1013 2085 1359 2155 sollicitudO,
1415 2104 1488 2144 ex
1550 2104 1669 2163 qua
1722 2088 1895 2146 etiam
1952 2108 2183 2151 summa

294 2185 596 2243 infirmitas
650 2184 948 2259 corporis3
1021 2201 1138 2259 qua
1191 2183 1377 2243 levata
1432 2202 1533 2244 ero
1587 2203 1706 2244 una
1758 2204 1892 2245 cum
1947 2205 2037 2257 e0,
2082 2191 2193 2266 qui·

295 2284 592 2359 negotium
621 2283 765 2357 gerit
793 2291 994 2357 estque
1023 2282 1083 2339 in
1112 2300 1216 2357 spe
1254 2300 1488 2358 magna.
1572 2282 1781 2343 Brutus
1820 2286 2074 2357 amicus;
2118 2287 2181 2345 in

296 2400 474 2445 causa
513 2390 768 2439 versatur
808 2380 1026 2438 acriter.
1111 2378 1415 2438 Hactenus
1456 2379 1561 2439 suit
1601 2382 1760 2457 quod
1800 2392 1966 2441 caute
2008 2403 2043 2443 a
2083 2404 2180 2445 me

295 2479 468 2539 scribi
507 2488 722 2555 posset.
805 2475 969 2535 Vale.
1050 2475 1143 2535 De
1182 2478 1468 2553 pensione
1510 2480 1703 2550 altera,
1747 2496 1855 2539 oro
1894 2489 1972 2553 te,
2015 2486 2179 2543 omni

295 2596 432 2645 cura
472 2575 793 2645 considera,
821 2573 963 2650 quid
1003 2573 1337 2635 faciendum
1378 2577 1467 2650 sit,
1505 2588 1567 2637 ut
1610 2578 1811 2654 scripsi
1850 2578 1920 2637 iis
1959 2578 2192 2653 litteris,·

295 2692 443 2755 quas
484 2673 685 2733 Pollex
725 2671 866 2731 tulit.
