2642 3925
452 244 537 308 62
1002 258 1080 309 Μ.
1132 258 1369 308 wan
1412 260 1784 308 CICERONIS
2095 246 2238 331 [rm
2265 258 2334 311 11.

450 413 876 491 gratissimique
944 425 1003 475 et
1070 415 1180 491 ipsi
1257 425 1316 473 et
1383 412 1679 475 omnibus*
1729 412 2070 484 videremur,
2139 414 2335 489 itaque

452 510 747 572 faciemus,
834 513 951 572 Sed
1003 514 1160 571 idem
1215 512 1428 572 Nerius
1483 514 1657 571 index
1713 513 1892 572 edidit
1931 513 2009 572 ad
2049 512 2336 589 adligatos

450 608 563 668 Cn.
590 609 903 669 Lentulum
924 609 1156 669 Vatiam
1182 620 1239 669 et
1268 609 1336 669 C.
1359 609 1733 671 Cornelium:
1763 610 1806 679 †
1825 612 1937 669 ista
1962 610 2032 669 ei.
2103 610 2335 670 Eodem

451 709 546 767 die
588 720 823 768 senatus
863 708 1194 768 consultum
1235 709 1452 768 sactum
1489 722 1594 781 est,
1635 720 1700 768 ut
1739 709 2068 768 sodalitates
2110 708 2336 769 decuri-

438 807 643 883 atique
699 807 1077 878 discederent,
1134 807 1343 884 lexque
1391 807 1465 866 de
1516 808 1584 866 iis
1640 807 1893 877 serretur,
1948 817 2030 878 ut,
2071 807 2171 883 qui
2211 824 2337 866 non

451 904 869 976 discessissent,
932 922 1005 963 ea
1058 923 1268 982 poena,
1335 924 1485 982 quae
1553 915 1642 964 est
1709 905 1782 964 de
1843 905 1916 975 vi,
1987 914 2335 964 tenerentur.

452 1004 507 1062 6.
550 1004 623 1062 A.
654 1003 708 1062 d.
738 1022 822 1063 111.
860 1002 1003 1062 Idus
1043 1002 1212 1062 Febr.
1254 1004 1373 1062 dixi
1415 1021 1523 1079 pro
1564 1002 1760 1061 Bestia
1800 1002 1874 1061 de
1915 1002 2135 1060 ambitu
2176 1002 2336 1078 apud

449 1110 777 1178 praetorem
820 1100 931 1160 Cn.
972 1100 1296 1159 Domitium
1346 1102 1406 1159 in
1460 1100 1589 1159 foro
1634 1101 1848 1172 medi0,
1892 1100 2149 1158 maximo
2191 1117 2336 1159 con-

446 1207 642 1269 ventu,
681 1198 973 1275 incidique
1013 1198 1073 1255 in
1114 1216 1251 1256 eum
1290 1198 1486 1257 locum
1527 1198 1587 1256 in
1629 1198 1896 1269 dicend0,
1933 1215 2070 1256 cum
2113 1195 2336 1256 Sestius

448 1296 645 1354 multis
699 1296 761 1353 in
814 1295 1036 1373 templo
1075 1293 1339 1355 Castoris
1380 1296 1710 1355 volneribus
1764 1296 2017 1372 acceptis
2072 1296 2336 1355 subsidio

451 1394 680 1452 Bestiae
734 1402 990 1452 servatus
1044 1403 1212 1453 esset.
1325 1393 1444 1453 Hic
1506 1396 2004 1471 προῳκονομησάμην
2056 1393 2336 1470 quiddam

452 1492 693 1565 εὐκαίρως
731 1492 806 1551 de
846 1492 931 1563 iis,
988 1509 1140 1568 quae
1184 1492 1245 1549 in
1288 1490 1538 1550 Sestium
1594 1491 2021 1567 adparabantur
2073 1490 2334 1563 crimina,

452 1598 511 1647 et
565 1606 701 1647 eum
742 1589 943 1667 ornavi
982 1590 1131 1648 veris
1170 1588 1454 1660 laudibus,
1496 1606 1715 1665 magno
1757 1588 2012 1647 adsensu
2051 1589 2336 1647 omnium.

456 1685 579 1746 Res
622 1687 843 1746 homini
884 1686 989 1746 fuit
1025 1687 1396 1746 vehementer
1434 1698 1635 1763 grata:
1676 1704 1828 1764 quae
1868 1687 1972 1745 tibi
2011 1703 2085 1744 eo
2124 1688 2337 1754 scribo,

453 1785 615 1862 quod
641 1804 738 1843 me
767 1786 840 1845 de
866 1786 1164 1845 retinenda
1194 1784 1364 1843 Sestii
1399 1786 1583 1860 gratia
1614 1783 1812 1843 litteris
1839 1802 2012 1861 saepe
2039 1785 2336 1845 monuisti.

537 1896 590 1957 7.
633 1883 821 1943 Pridie
863 1883 1004 1942 Idus
1045 1883 1213 1942 Febr.
1254 1883 1401 1942 haec
1441 1883 1644 1959 scripsi
1685 1893 1817 1941 ante
1857 1883 2084 1956 lucem;
2125 1900 2201 1941 eo
2242 1883 2338 1943 die

453 1983 610 2060 apud
633 1982 1028 2059 Pomponium
1053 1983 1115 2041 in
1142 1983 1264 2041 eius
1292 1983 1506 2059 nuptiis
1533 2000 1694 2040 eram
1721 1993 2043 2040 cenaturus
2126 1980 2339 2042 Cetera

455 2090 590 2139 sunt
616 2082 677 2138 in
702 2083 875 2139 rebus
903 2081 1115 2139 nostris
1152 2080 1320 2139 huius
1354 2079 1532 2150 modi,
1566 2086 1634 2137 ul
1654 2089 1716 2138 tu
1741 2079 1884 2137 mihi
1910 2079 2029 2137 fere
2057 2079 2339 2139 diffidenti

455 2177 847 2254 praedicabas,
878 2177 1051 2255 plena
1078 2177 1371 2254 dignitatis
1399 2188 1458 2236 et
1484 2177 1734 2253 gratiae3
1777 2195 1926 2253 quae
1954 2177 2190 2253 quidem
2219 2187 2336 2250 tua,

454 2276 536 2333 mi
576 2274 763 2346 frater,
807 2276 1097 2351 patientia,
1139 2275 1358 2346 virtute,
1400 2276 1628 2351 pietate,
1672 2277 1947 2334 suavitate
1988 2276 2178 2345 etiam,
2234 2276 2338 2334 tibi

454 2372 713 2449 mihique
769 2383 903 2431 sunt
953 2374 1228 2432 restituta.
1312 2373 1545 2432 Domus
1585 2374 1685 2432 tibi
1733 2374 1810 2433 ad
1862 2357 2059 2432 lucum
2107 2372 2338 2434 Pisonis

454 2469 779 2529 Luciniana
820 2470 1109 2529 conducta
1142 2481 1262 2544 est3
1304 2471 1426 2541 sed,
1467 2480 1530 2529 ut
1573 2488 1761 2547 spero,
1800 2470 1999 2546 paucis
2039 2472 2338 2529 mensibus

443 2578 592 2645 ⁴post
618 2567 696 2627 K.
719 2568 1005 2640 Quintiles
1033 2569 1094 2627 in
1121 2579 1281 2627 tuam
1307 2569 1735 2644 commigrabis.
1805 2567 2001 2626 Tuam
2027 2567 2088 2626 in
2110 2565 2337 2628 Carinis

452 2667 657 2725 mundi
693 2666 1043 2725 habitatores
1070 2665 1307 2725 Lamiae
1346 2667 1767 2726 conduxerunt.
1850 2666 1908 2723 A
1935 2676 1992 2724 te
2019 2676 2155 2742 post
2179 2666 2337 2724 illam

456 2763 797 2825 Olbiensem
840 2763 1145 2841 epistolam
1199 2764 1386 2824 nullas
1433 2765 1646 2824 litteras
1694 2764 1910 2839 accepi.
1994 2762 2152 2836 Quid
2193 2781 2336 2840 agas

455 2875 514 2922 et
540 2873 606 2921 ut
632 2873 688 2921 te
717 2862 988 2933 oblectes,
1018 2863 1162 2921 scire
1201 2863 1374 2939 cupio
1410 2863 1780 2939 maximeque
1818 2871 1874 2920 te
1914 2862 2106 2938 ipsum
2143 2862 2337 2921 videre

455 2978 632 3037 quam
660 2962 928 3036 primum.
1012 2959 1184 3032 Cura,
1212 2962 1294 3019 mi
1335 2961 1522 3032 frater,
1548 2970 1613 3018 ut
1648 2959 1839 3018 valeas
1877 2969 1950 3030 et,
1979 2977 2338 3035 quamquam

455 3066 545 3117 est
583 3057 785 3129 hiems,
822 3068 1017 3117 tamen
1062 3059 1384 3118 Sardiniam
1425 3058 1595 3117 istam
1637 3075 1766 3117 esse
1808 3057 2046 3134 cogites.
2129 3076 2222 3117 xv.
2256 3057 2336 3118 K.

454 3155 711 3214 Martias.
