2642 3925
341 253 425 321 Ep.
452 233 547 327 7.],'
700 279 705 284 -
803 251 1032 306 EHST.
1071 254 1171 303 AD
1211 246 1542 304 Arrr'o'UM
1580 245 1760 321 ⁸²14
2143 256 2219 328 13

338 412 615 473 Messalla
653 393 863 472 consul
902 412 964 470 in
1000 420 1208 471 senatu
1234 411 1308 471 de
1337 410 1623 489 Pompeio
1653 403 1948 488 Quaesivit,
1975 404 2117 488 quid
2145 411 2226 471 de'

334 512 614 588 religione
653 520 712 570 et
750 510 823 570 de
851 510 1219 587 promulgata
1245 510 1550 586 rogatione
1577 511 1843 570 sentiret:
1886 509 2113 570 locutus
2140 510 2222 569 ita

333 619 421 668 est
448 610 510 668 in
544 618 764 680 senatu,
793 619 859 668 ut
893 609 1093 668 omnia
1129 609 1278 667 illius
1315 601 1535 668 ordinis
1568 609 1831 668 consulta
1859 613 2069 681 γενικῶς
2100 608 2223 667 lau-

330 708 510 777 daret,
538 706 813 784 mihique,
840 717 905 766 ut
929 706 1170 778 adsedit,
1203 706 1348 766 dixit
1375 725 1439 766 se
1453 717 1667 784 ‘putare
1690 707 1826 765 satis
1852 707 1927 765 ab
1951 723 2019 766 se
2045 716 2314 786 ettam&

330 806 405 865 de
434 806 555 864 istis
583 807 757 864 rebus
794 822 922 864 esse
951 786 1464 886 ‘responsum..3.
1508 803 1757 863 Crassus
1793 814 2003 881 postea
2039 821 2218 881 quam

327 902 469 963 vidit
512 903 670 962 illum
714 903 1015 979 excepisse
1062 902 1295 962 laudem
1337 919 1413 961 ex
1447 919 1547 973 eo,
1591 902 1753 980 quod
1793 898 2220 979 suspicarentur

328 1001 601 1061 homines
639 1000 692 1060 ei
726 989 1093 1061 consulatum
1128 1018 1329 1059 meum
1367 1000 1610 1076 placere,
1642 1001 1884 1072 surrexit
1922 1001 2218 1059 ornatissi-

327 1118 540 1176 meque
578 1100 653 1158 de
691 1116 828 1158 meo
872 1098 1179 1158 consulatu
1217 1098 1447 1175 locutus
1485 1108 1593 1169 est,
1617 1109 1698 1159 -ut
1736 1099 1817 1157 ita
1857 1099 2091 1171 diceret,
2109 1137 2113 1141 Δ
2133 1117 2219 1170 se,

327 1198 492 1274 quod
529 1206 684 1257 esset
717 1205 968 1268 senator,
1008 1196 1169 1274 quod
1205 1197 1362 1266 civiS,
1397 1196 1559 1273 quod
1599 1196 1759 1267 liber,
1787 1196 1951 1273 quod
1987 1197 2214 1268 viveret,

326 1295 469 1356 mihi
537 1304 841 1372 acceptum
904 1295 1150 1366 referre3
1220 1295 1491 1372 quotiens
1551 1295 1883 1370 coniugem,
1943 1293 2216 1372 quotiens

328 1396 590 1463 domum,
638 1394 909 1470 quotiens
949 1392 1194 1469 patriam
1235 1392 1469 1463 videret,
1510 1392 1723 1451 totiens
1764 1410 1829 1451 se
1868 1382 2218 1453 beneficium·

326 1507 526 1551 meum
545 1490 757 1552 videre.
839 1490 999 1563 Quid
1018 1491 1238 1549 multa?
1264 1500 1453 1549 totum
1480 1489 1634 1548 hunc
1661 1490 1874 1561 locum,
1896 1508 2074 1567 quem
2100 1505 2217 1567 ego

325 1590 481 1649 varie
521 1590 668 1649 meis
709 1589 1086 1659 orationibus,
1131 1606 1378 1665 quarum
1418 1599 1483 1647 tu
1524 1588 1890 1648 Aristarchus
1931 1606 2014 1661 eS,
2053 1589 2216 1649 soleo

326 1689 587 1766 pingere,
617 1687 693 1746 de
719 1686 970 1757 flamma,
1002 1686 1076 1745 de
1104 1686 1494 1744 ferro—nosti
1528 1686 1652 1745 illas
1677 1687 2022 1758 ληκύθους-,
2049 1686 2217 1747 valde

328 1788 572 1863 graviter
599 1784 904 1862 pertexuit.
972 1775 1281 1843 Proximus
1310 1784 1596 1860 Pompeio
1623 1782 1935 1842 sedebam:
1964 1785 2216 1845 intellexi

326 1883 626 1943 hominem
647 1883 887 1954 moveri,
907 1889 1098 1940 utrum
1127 1880 1407 1939 Crassum
1433 1881 1580 1973 Q
1607 1899 1737 1938 eam
1759 1881 2017 1957 gratiam,
2037 1899 2215 1958 quam
2235 1865 2310 1943 B
2323 1899 2400 1944 55
2409 1889 2540 1959 ply-
2564 1897 2618 1958 ᾳ,

328 1982 454 2059 ipse
485 1982 977 2058 praetermisisset,
1007 1997 1083 2038 an
1119 1996 1252 2056 Q
1280 1987 1470 2037 tantas
1503 1997 1595 2038 res
1632 1989 1879 2050 nostras,
1903 1997 2056 2055 quae
2094 1990 2214 2039 tam

324 2080 525 2138 libenti
579 2090 782 2138 senatu
832 2077 1216 2147 laudarentur,
1263 2077 1341 2134 ab
1393 2093 1468 2135 eo
1522 2077 1876 2153 praesertim,
1915 2077 2019 2154 qui
2071 2078 2215 2137 mihi

323 2175 557 2236 laudem
584 2175 740 2234 illam
766 2192 841 2234 eo
861 2175 1055 2233 minus
1081 2174 1333 2245 deberet,
1352 2174 1512 2250 quod
1539 2174 1688 2233 meis
1713 2175 1988 2234 omnibus
2014 2167 2215 2236 litteris

322 2274 385 2333 in
426 2273 789 2351 Pompeiana
830 2272 1007 2332 ⁴laude
1052 2271 1388 2348 perstrictus
1427 2274 1598 2331 e'sset.
1634 2261 1737 2348 ›4-
1782 2271 1901 2332 Hic
1924 2272 2072 2333 'dies
2115 2291 2213 2332 me

239 2368 243 2373 ’
322 2372 488 2432 valde
516 2371 734 2431 Crasso
762 2369 1038 2441 adiunxit,
1061 2378 1125 2429 et
1152 2379 1349 2428 tamen
1382 2372 1457 2429 ab
1490 2370 1589 2428 illo
1625 2380 1824 2447 aperte
1860 2380 2011 2430 tecte
2046 2366 2214 2448 quic-²

323 2470 462 2547 quid
490 2479 578 2529 est
606 2469 806 2528 datum
834 2469 1077 2527 libenter
1102 2467 1319 2545 accepi.
1403 2466 1536 2544 Ego
1565 2477 1760 2527 autem
1788 2469 1931 2544 ipse,
1949 2468 2009 2527 di
2035 2470 2212 2531 boni-l

323 2585 443 2645 quo
491 2567 673 2626 modo
730 2568 1230 2640 ἐνεπερπερευσάμην
1281 2582 1440 2623 novo
1485 2565 1734 2625 auditori
1788 2566 2109 2643 Pompeio!
2162 2569 2212 2627 si

320 2683 600 2742 umquam
628 2664 772 2723 mihi
796 2665 1041 2738 περίοδοι,
1069 2663 1119 2722 si
1146 2665 1345 2736 καρποί,
1375 2662 1425 2722 Si
1457 2663 1792 2735 ἐνθυμήματα,
1822 2664 1873 2722 si
1909 2668 2213 2723 κατασκευαὶ

323 2764 849 2839 suppeditaverunt,
896 2760 998 2820 illo
1044 2770 1328 2843 tempore.
1415 2759 1579 2832 Quid
1622 2762 1848 2820 multa?
1904 2762 2209 2841 clamores.

321 2842 554 2918 Etenim
574 2859 722 2920 haec
743 2869 864 2919 erat
889 2861 1167 2920 ὑπόθεσιςε
1204 2860 1279 2917 de
1305 2859 1582 2934 gravitate
1604 2859 1842 2930 ordinis,
1864 2858 1938 2919 de
1958 2864 2210 2936 equestri

322 2957 653 3030 concordia,
700 2958 780 3017 de
832 2957 1223 3016 consensione
1277 2956 1492 3028 Italiae,
1539 2956 1615 3015 de
1667 2957 2056 3018 intermortuis
2117 2948 2226 3020 ress·

320 3055 513 3134 liquiis
541 3055 970 3126 coniurationi3‚
993 3056 1067 3115 de
1092 3053 1319 3124 vilitate,
1341 3054 1417 3113 de
1442 3053 1584 3113 otio·
1665 3054 1839 3114 Nosti
1865 3056 1983 3114 iam
2010 3058 2069 3115 in
2096 3057 2209 3117 hac

321 3154 562 3213 materia
596 3153 822 3211 sonitus
861 3160 1125 3211 nostros:
1166 3152 1310 3210 tanti
1345 3150 1593 3222 fuerunt,
1620 3161 1688 3211 ut
1721 3170 1838 3228 ego
1870 3171 1949 3214 eo
1981 3156 2210 3214 brevior

320 3252 451 3324 sim,
470 3249 632 3327 quod
653 3266 757 3308 eos
777 3267 962 3325 usque
991 3249 1160 3308 istinc
1186 3248 1490 3308 exauditos
1518 3258 1736 3326 putem.
1808 3263 1862 3324 5.
1902 3250 2206 3312 Romanae

316 3360 516 3411 autem
565 3366 630 3407 se
676 3364 771 3406 res
818 3348 902 3406 sic
954 3344 1205 3406 habent:
1262 3355 1496 3405 senatus
1527 3346 1735 3421 Ἀρειος
1777 3350 1957 3422 πάγος.
2046 3348 2203 3408 Nihil
2249 3340 2254 3343 ’

317 3446 695 3517 constantius
723 3443 900 3503 -nihil-
927 3443 1197 3515 severius,
1220 3443 1385 3503 ‹nihil
1428 3442 1665 3504 fortius:
1714 3462 1854 3505 nam
1900 3463 2034 3505 cum
2073 3447 2201 3507 dies
