2642 3925
313 261 560 348 Ep.137.]
677 277 902 329 EPIST.
946 278 1046 324 AD
1086 276 1539 326 FAMILIARES
1578 276 1669 323 xr.
1732 279 1825 326 10.
2068 241 2199 342 2⁶5

306 425 586 501 temporis
625 426 924 485 videantur
964 426 1077 485 dici
1119 444 1312 497 causa,
1352 425 1525 484 malle
1564 443 1662 483 me
1709 431 1874 484 tuu‘m
1915 421 2195 482 iudicium

305 541 485 598 quam
523 540 596 582 ex
638 523 816 583 altera
855 527 1018 600 parte
1060 524 1325 582 omnium
1362 524 1639 582 istorum:
1680 533 1744 580 tu
1784 521 1941 580 enim
1969 539 2007 580 a
2034 530 2195 580 certo

307 639 484 680 sensu
536 633 594 681 et
641 640 778 680 vero
826 622 1048 682 iudicas
1097 623 1171 682 de
1215 621 1423 692 nobis;
1487 620 1649 696 quod
1695 619 1791 678 isti
1839 638 1916 678 ne
1963 618 2194 689 faciant,

307 737 536 778 summa
572 719 981 779 malevolentia·
1013 725 1070 777 et
1109 719 1286 778 livore
1331 719 1737 794 impediuntur.
1820 715 2195 792 Interpellent

303 833 418 887 me,
449 835 567 893 quo
608 819 802 876 minus
844 817 1162 876 honoratus
1204 817 1336 888 sim,
1363 816 1504 876 dum
1544 834 1622 874 ne
1661 815 2042 890 interpellent,
2071 831 2192 890 quo

305 915 498 972 minus
529 933 636 1001 0res
680 915 912 991 publica
959 933 996 972 a
1039 932 1135 972 me
1183 912 1495 972 commode
1538 912 1923 972 administrari
1971 910 2191 988 possit:

304 1030 458 1088 quae
511 1023 731 1088 quanto
789 1013 862 1070 sit
909 1013 971 1070 in
1026 1011 1301 1088 pericu10,
1357 1028 1537 1088 quam
1593 1020 1799 1086 potero
1855 1009 2197 1069 brevissime

303 1127 618 1185 exponam.
706 1128 760 1170 2.
802 1109 1060 1168 Primum
1088 1109 1373 1180 omnium,
1391 1118 1671 1186 quantam
1697 1109 2193 1186 perturbationem

303 1225 499 1265 rerum
527 1209 892 1267 urbanarum
937 1207 1160 1266 adferat
1204 1207 1398 1265 obitus
1444 1207 1750 1266 consulum
1796 1215 2193 1282 quantamque

306 1304 678 1381 cupiditatem
705 1305 1036 1364 hominibus
1065 1305 1276 1363 iniiciat
1305 1304 1577 1375 vacuitas,
1596 1323 1715 1363 non
1742 1315 1799 1363 te
1828 1303 2009 1379 fugit:
2055 1303 2193 1361 satis

303 1420 401 1460 me
457 1402 639 1462 multa
693 1403 1009 1480 scripsisse,
1055 1419 1204 1479 quae
1248 1402 1449 1461 litteris
1493 1403 1892 1461 commendari
1946 1400 2192 1479 possint,

307 1495 550 1555 arbitror
567 1515 600 1569 3-
627 1497 751 1555 scio
793 1497 967 1568 enim,
1010 1499 1103 1555 cui
1146 1497 1411 1557 scribam.
1499 1515 1555 1570 3.
1600 1496 1882 1555 Revertor
1920 1513 2077 1555 nunc
2118 1492 2194 1552 ad

307 1594 648 1665 Antonium,
690 1595 788 1672 qui
838 1611 912 1654 ex
956 1595 1096 1670 suga
1137 1612 1272 1655 cum
1313 1595 1611 1672 parvulam
1652 1613 1891 1653 manum
1934 1593 2193 1671 peditum

306 1689 543 1750 haberet
595 1692 919 1763 inermium,
977 1692 1266 1768 ergastula
1321 1692 1601 1752 solvendo
1656 1709 1949 1768 omneque
2005 1707 2192 1766 genus

306 1784 612 1844 hominum
667 1786 1004 1862 adripiendo
1063 1787 1200 1846 satis
1267 1805 1551 1861 magnum
1606 1804 1915 1845 numerum
1970 1784 2193 1843 videtur

307 1883 567 1942 effecisse
581 1903 598 1954 ;
641 1882 756 1943 huc
790 1885 1033 1944 accessit
1068 1902 1278 1944 manus
1304 1885 1578 1956 Ventidii,
1608 1903 1760 1960 quae
1799 1893 1957 1942 trans
1998 1884 2193 1958 Apen-

306 1982 510 2041 ninum
535 1982 736 2042 itinere
762 1983 917 2042 facto
943 1984 1274 2043 difficillimo
1303 1984 1379 2041 ad
1406 1982 1579 2041 Vada
1614 1983 1873 2059 pervenit
1910 1991 2084 2057 atque
2112 1980 2192 2039 ibi

307 2098 370 2141 se
413 2098 550 2138 cum
603 2082 866 2139 Antonio
913 2082 1226 2140 coniunxit.
1311 2080 1421 2139 Est
1467 2098 1744 2139 numerus
1788 2091 2191 2138 veteranorum

306 2188 364 2235 et
396 2188 748 2236 armatorum
790 2179 928 2237 satis
968 2178 1242 2256 frequens
1283 2195 1421 2236 cum
1447 2177 1744 2259 Ventidio.
1832 2196 1888 2250 4.
1932 2175 2192 2235 Consilia

306 2275 548 2333 Antonii
595 2276 738 2335 haec
780 2278 894 2335 sint
949 2295 1191 2335 necesse
1239 2287 1361 2336 est:
1426 2286 1525 2335 aut
1569 2276 1646 2333 ad
1688 2275 1978 2351 Lepidum
2021 2285 2085 2333 ut
2128 2293 2191 2334 se

305 2372 583 2444 conferat,
606 2374 654 2432 si
680 2374 982 2450 recipitur3
1027 2385 1123 2432 aut
1144 2374 1503 2450 Appennino
1524 2372 1889 2451 Alpibusque
1912 2391 1975 2431 se
1996 2382 2192 2432 teneat

306 2480 366 2530 et
393 2471 827 2530 decursionibus
857 2490 961 2547 per
999 2474 1238 2548 equites,
1269 2489 1420 2547 quos
1447 2471 1623 2530 habet
1648 2472 1881 2540 multos,
1911 2481 2095 2530 vastet
2120 2489 2191 2530 ea

306 2568 453 2638 loca,
480 2568 540 2626 in
569 2586 718 2644 quae
748 2569 1045 2627 incurrerit
1072 2590 1086 2627 ε
1131 2579 1229 2628 aut
1255 2586 1453 2627 rursus
1472 2587 1534 2629 se
1562 2569 1624 2627 in
1650 2567 1941 2628 Etruriam
1966 2569 2190 2640 referat,

308 2666 468 2742 quod
522 2685 594 2725 ea
646 2684 782 2742 pars
837 2667 1036 2726 Italiae
1091 2668 1214 2727 sine
1270 2662 1525 2725 exercitu
1568 2677 1674 2727 est.
1759 2666 1944 2741 Quod
1993 2668 2043 2727 si
2098 2684 2195 2724 me

307 2764 526 2822 Caesar
565 2764 820 2823 audisset
861 2774 1031 2840 atque
1076 2766 1500 2842 Appenninum
1541 2766 1854 2835 transisset,
1900 2764 1961 2821 in
2002 2752 2193 2823 tantas
2256 2759 2261 2764 ’

305 2862 604 2937 angustias
630 2862 954 2920 Antonium
991 2862 1422 2940 compulissem,
1443 2872 1507 2921 ut
1545 2862 1743 2939 inopia
1783 2863 1977 2939 potius
2016 2880 2196 2938 quam

308 2961 460 3020 ferro
496 2960 889 3019 conficeretur.
975 2959 1093 3018 Sed
1149 2978 1342 3037 neque
1384 2959 1621 3019 Caesari
1675 2960 1947 3036 imperari
2000 2970 2194 3036 potest

308 3077 420 3119 nec
447 3058 664 3118 Caesar
692 3059 964 3117 exercitui
1003 3076 1149 3130 suo;
1193 3058 1352 3135 quod
1389 3067 1698 3134 utrumque
1734 3058 2059 3133 pessimum
2087 3068 2189 3117 est.

310 3157 463 3216 Cum
503 3156 647 3215 haec
683 3156 818 3214 talia
853 3156 983 3228 sint,
1013 3173 1132 3232 quo
1173 3155 1383 3225 minus,
1414 3156 1575 3230 quod
1618 3156 1693 3213 ad
1733 3173 1829 3213 me
1869 3156 2194 3231 pertinebit,

308 3255 574 3314 homines
601 3253 983 3328 interpellent,
1011 3264 1073 3312 ut
1102 3270 1277 3328 supra
1305 3253 1526 3329 scripsi,
1556 3271 1679 3311 non
1709 3252 1967 3328 impedio
1989 3271 2006 3323 ;
2050 3252 2196 3311 haec

309 3370 483 3428 quem
511 3352 587 3410 ad
628 3352 871 3408 modum
906 3350 1177 3425 explicari
1215 3350 1441 3426 possint
1480 3360 1594 3421 aut,
1624 3369 1661 3409 a
1688 3360 1745 3408 te
1773 3367 1908 3408 cum
1945 3347 2196 3422 explica·

309 3449 537 3520 buntur,
567 3466 642 3506 ne
684 3448 1071 3523 impediantur
1111 3448 1306 3506 timeo.
1394 3459 1447 3521 5.
1491 3446 1664 3506 Alere
1691 3449 1810 3506 iam
1836 3445 2047 3522 milites
2074 3459 2199 3501 non
