2642 3925
465 261 586 347 198
1011 269 1086 328 Μ.
1132 271 1369 324 wrm!
1412 271 1616 324 cmm
1624 269 1790 324 oms
2086 259 2229 343 [pars
2257 271 2347 321 w.

457 417 796 500 exprimitur
834 423 1132 500 praeclaro
1178 424 1277 483 illo
1324 423 1471 483 libro
1514 423 1893 496 Querelarum
1936 425 2200 489 tuarum:
2250 425 2349 479 ac·

457 523 611 583 cedit
680 515 840 599 quod
907 523 1148 582 mirifice
1213 523 1461 599 ingeniis
1530 523 1959 591 excellentibus,
2016 521 2189 597 quale
2258 531 2350 580 est

458 629 639 689 tuum,
696 620 1044 688 delectatur-3
1116 629 1413 698 praeterea
1473 619 1627 680 cedit
1686 619 2005 678 multorum
2065 618 2229 676 iustis
2291 627 2352 675 et

458 720 652 779 officio
705 719 973 789 incensis,
1029 731 1152 777 non
1205 719 1476 778 inanibus
1529 728 1627 777 aut
1686 717 2025 788 ambitiosis,
2080 715 2347 774 volunta-

457 817 627 888 tibus„
656 815 718 874 in
755 833 877 893 quo
904 814 1273 874 vehementer
1307 824 1446 874 eum
1484 815 1856 874 consentiens
1892 811 2124 871 Etruria
2150 825 2349 872 move-

457 914 557 973 bit.
657 932 713 988 9.
757 918 772 944 ‘
792 911 912 971 Cur
969 911 1114 971 haee
1172 913 1347 988 igitur
1399 911 1589 972 adhuc
1650 929 1855 989 parum
1912 909 2283 988 profecerunt
2300 908 2348 968 Υ

461 1009 617 1083 Quia
657 1025 780 1069 non
821 1019 984 1086 putat
1025 1026 1090 1068 se
1131 1011 1413 1069 sustinere
1454 1027 1661 1070 causas
1702 1013 1878 1086 posse
1926 1008 2261 1077 multorum,
2300 1005 2352 1064 si

458 1110 578 1179 tibi,
619 1109 712 1168 cui
749 1109 950 1167 iustius
992 1108 1213 1167 videtur
1249 1108 1416 1166 irasci
1455 1125 1649 1184 posse,
1688 1108 2057 1166 concesserit.
2142 1111 2157 1137 ‘
2178 1106 2351 1179 Quae

459 1216 547 1265 est
598 1207 768 1284 igitur
788 1205 802 1231 ’
850 1206 1076 1282 inquies
1127 1211 1141 1236 ‘
1160 1223 1295 1282 spes
1345 1206 1421 1263 ab
1469 1205 1678 1264 irato?'
1746 1204 1979 1263 Eodem
2010 1223 2038 1261 e
2073 1203 2236 1263 sonte
2287 1221 2351 1262 se

459 1303 797 1362 hausturum
869 1303 1146 1378 intellegit
1216 1303 1417 1362 laudes
1488 1321 1639 1373 suas,
1710 1315 1746 1362 e
1818 1320 1937 1380 quo
2009 1302 2084 1361 sit
2153 1301 2353 1360 leviter

462 1415 750 1477 aspersae.
832 1399 1136 1460 Postremo
1179 1399 1363 1459 horno
1406 1399 1572 1459 valde
1616 1409 1703 1460 est
1748 1411 1951 1460 acutus
1998 1408 2057 1458 et
2102 1398 2353 1457 multum

462 1499 774 1576 providens
789 1517 807 1572 3
876 1499 1153 1575 intellegit
1200 1501 1276 1570 te,
1326 1499 1627 1558 hominem
1673 1499 1735 1558 in
1784 1505 1945 1575 parte
1993 1498 2197 1556 Italiae
2243 1497 2353 1554 mi·

462 1599 618 1656 nime
672 1598 1103 1656 contemnenda
1155 1595 1321 1656 facile
1376 1598 1639 1656 bmnium
1696 1597 2122 1664 nobilissimum
2178 1603 2237 1653 et
2291 1595 2355 1652 in

463 1695 762 1754 communi
805 1711 867 1753 re
912 1694 1146 1772 publica
1191 1695 1371 1753 cuivis
1419 1711 1779 1754 summorum
1828 1705 1960 1753 tuae
2009 1694 2213 1753 aetatis
2262 1693 2357 1753 vel

462 1793 698 1869 ingenio
738 1792 828 1851 vel
868 1793 1051 1868 gratia
1088 1792 1179 1852 vel
1218 1792 1377 1850 fama
1415 1793 1617 1868 populi
1662 1792 1916 1851 Romani
1965 1769 2185 1868 parem,
2230 1809 2356 1850 non

463 1904 638 1969 posse
686 1890 978 1969 prohiberi
1021 1893 1084 1948 're
1131 1890 1365 1967 publica
1408 1890 1651 1963 diutius;
1708 1890 1866 1948 nolet
1914 1889 2029 1948 hoe
2073 1889 2357 1965 temporis

464 1992 658 2067 potius
725 1996 857 2049 esse
924 1988 1237 2065 aliquando
1304 1988 1653 2047 beneficium
1722 1973 1934 2065 quam*
1975 1989 2092 2046 iam
2164 2001 2356 2046 suum.

472 2106 563 2148 m.
603 2088 743 2147 Dixi
795 2086 870 2146 de
925 2087 1209 2159 Caesare3
1278 2089 1438 2145 nunc
1494 2086 1684 2144 dicam
1740 2086 1815 2145 de
1882 2095 2215 2161 temporum
2270 2096 2361 2142 re-

466 2199 711 2261 rumque
748 2186 986 2243 natura:
1026 2188 1204 2243 nemo
1241 2192 1331 2243 est
1366 2186 1487 2241 tam
1524 2184 1793 2242 inimicus
1828 2184 1883 2241 ei
1918 2200 2149 2252 causae,
2178 2200 2363 2258 quam

467 2283 783 2359 Pompeius
815 2283 1104 2341 animatus
1141 2282 1349 2341 melius
1385 2287 1564 2359 quam
1601 2286 1835 2359 paratus
1876 2289 2228 2356 susceperat,
2258 2281 2363 2355 qui

469 2397 580 2439 nos
631 2378 818 2437 malos
866 2379 1020 2436 cives
1070 2379 1260 2437 dicere
1308 2390 1411 2437 aut
1458 2378 1728 2438 homines
1782 2379 2085 2455 improbos
2128 2378 2361 2436 audeat.

469 2477 542 2537 In
576 2494 696 2554 quo
731 2476 1001 2536 admirari
1034 2475 1195 2534 soleo
1235 2476 1576 2552 gravitatem
1618 2487 1677 2535 et
1718 2476 1990 2535 iustitiam
2031 2484 2091 2533 et
2132 2475 2365 2550 sapien-

466 2576 606 2635 tiam
652 2573 952 2646 Caesaris3
1013 2578 1336 2649 numquam
1384 2574 1494 2633 nisi
1549 2574 2131 2632 honorificentissime
2180 2572 2363 2632 Pom-

465 2674 661 2751 peium
716 2671 985 2749 appellat.
1069 2675 1086 2704 ‘
1104 2671 1185 2729 At
1237 2672 1298 2728 in
1352 2672 1478 2730 eius
1533 2690 1788 2747 persona
1830 2671 2021 2729 ‘multa
2075 2670 2211 2731 fecit
2267 2689 2364 2729 as-

464 2768 694 2851 perius!
775 2771 1095 2829 Armorum
1163 2770 1272 2828 is‘ta
1340 2780 1399 2827 et
1465 2769 1736 2828 victoriae
1807 2779 1943 2827 sunt
2004 2768 2172 2840 facta,
2235 2786 2366 2829 non

464 2869 748 2930 Caesaris.
796 2869 898 2927 'At
925 2884 1038 2925 nos
1065 2884 1241 2943 quem
1271 2867 1348 2924 ad
1376 2867 1618 2925 modum
1649 2876 1737 2925 est
1765 2866 2143 2943 complexus!
2217 2866 2369 2926 Cas-

465 2968 616 3026 sium
669 2966 778 3025 sibi
825 2964 1068 3039 legavit3
1133 2962 1376 3021 Brutum
1426 2962 1649 3023 Galliae
1696 2963 1991 3040 praefecit,
2040 2961 2367 3040 Sulpicium

466 3064 784 3133 Graeciae3
860 3061 1218 3132 Marcellum,
1278 3061 1371 3119 c'ui
1439 3062 1690 3119 maxime
1758 3062 2157 3131 succensebat,
2224 3080 2369 3121 cum

466 3178 695 3219 summa
756 3157 904 3215 illius
960 3158 1236 3233 dignitate
1299 3158 1556 3217 restituit.
1650 3175 1675 3215 1
1691 3176 1739 3216 1.
1782 3156 1923 3229 Quo
1979 3158 2149 3233 igitur
2211 3158 2366 3219 haec

466 3256 768 3333 spectant?
854 3254 1076 3311 Rerum
1141 3254 1255 3313 hoc
1316 3260 1522 3313 natura
1587 3264 1645 3313 et
1711 3254 1962 3312 civilium
2027 3265 2366 3331 temporum

467 3358 589 3411 n'on
641 3352 904 3427 patietur,
953 3366 1063 3408 nec
1115 3368 1363 3410 manens
1417 3360 1527 3410 nec
1574 3362 1796 3411 mutata
1849 3353 1995 3410 ratio
2051 3352 2193 3412 feret
2242 3358 2360 3430 pri-

469 3465 649 3519 mum,
705 3457 770 3505 ut
823 3460 945 3505 non
992 3446 1052 3503 in
1100 3464 1274 3507 causa
1323 3450 1448 3525 pari
1494 3449 1703 3509 'eadem
1750 3450 1823 3509 sit
1871 3460 1929 3509 et
1976 3450 2252 3511 condicio
2300 3464 2365 3513 'et
