2642 3925
523 261 600 316 Μ.
637 263 873 313 wau
901 264 1273 315 cromoms
1302 265 1414 315 ΕΡ.
1448 264 1547 313 AD
1571 265 1735 319 ΑΠ’.
1768 268 1863 317 xz.
1900 253 1962 318 6.
2012 263 2020 271 ·
2074 266 2195 337 179

301 427 533 478 tantum
583 416 871 495 rescripsi,
902 436 983 477 a
1016 417 1228 495 quibus
1295 434 1653 494 acceperam.
1752 415 1853 478 Tu
1907 418 2078 477 velim
2136 428 2197 479 et

299 514 503 575 Basilo
541 524 602 574 et
639 515 850 592 quibus
891 526 1188 592 praeterea
1220 515 1521 588 videbitur,
1550 515 1725 575 etiarn
1768 516 2009 576 Servilio
2052 534 2195 576 con-

299 615 541 684 scribas»,
561 622 625 671 ut
651 614 754 672 tibi
780 613 1081 684 videbitur,
1108 630 1244 673 meo
1273 615 1530 673 nomine.
1615 612 1796 687 Quod
1822 624 1986 673 tanto
2015 614 2193 674 inter·

297 713 447 772 vallo
497 711 638 771 nihil
689 713 934 770 omnino
985 711 1061 770 ad
1108 728 1213 771 vos
1261 711 1483 787 scripsi,
1531 712 1623 771 his
1671 711 1871 771 litteris
1919 712 2187 789 profecto

297 806 603 882 intelleges
639 823 765 863 rem
801 804 943 863 mihi
971 805 1195 876 deesse,
1223 805 1297 864 de
1327 823 1444 883 qua
1480 807 1750 879 scribam,
1778 825 1900 867 non
1928 807 2189 866 volunta-

296 915 434 965 tem.
520 924 579 976 4.
627 903 810 977 Quod
857 903 932 963 de
976 902 1212 962 Vatinio
1262 903 1511 980 quaeris,
1559 922 1751 982 neque
1798 904 1946 963 illius
1994 923 2190 981 neque

298 1004 645 1080 cuiusquam
698 1001 842 1060 mihi
888 1010 1185 1079 praeterea
1237 1001 1494 1060 officium
1549 1001 1793 1073 deesset,
1839 1002 1887 1062 si
1939 1002 2187 1079 reperire

297 1110 559 1178 possent,
589 1118 707 1178 qua
744 1100 807 1159 in
845 1118 909 1158 re
949 1117 1048 1157 me
1085 1099 1362 1157 iuvarent.
1447 1097 1702 1171 Quintus
1743 1101 2107 1160 aversissimo
2147 1118 2189 1161 a

295 1216 393 1257 me
432 1198 630 1256 animo
660 1197 845 1257 Patris
882 1196 1020 1268 fuit3
1062 1196 1273 1256 eodem
1312 1195 1570 1273 Corcyra
1605 1198 1755 1258 filius
1781 1198 1955 1259 venit.
2034 1196 2187 1262 Inde

292 1295 589 1375 profectos
614 1313 720 1356 eos
744 1314 864 1356 una
890 1313 1027 1355 cum
1056 1297 1259 1356 ceteris
1287 1298 1551 1359 arbitror.

754 1456 850 1513 80.
931 1452 1051 1513 AD
1091 1452 1481 1512 ATTICUM
1521 1454 1627 1515 XI.
1672 1456 1726 1514 6.

293 1568 427 1631 Scn.
457 1568 763 1630 Brummsn
803 1588 859 1629 A.
887 1587 946 1627 n.
990 1587 1067 1629 iv.
1095 1568 1419 1630 Kmmms
1446 1568 1799 1631 Damus
1838 1589 2008 1634 inu-c.
2041 1563 2181 1649 706.

818 1692 1030 1740 cremo,
1064 1692 1278 1737 unco
1315 1693 1442 1735 sAr..
1483 1693 1662 1738 merr.

302 1823 309 1826 „
376 1808 430 1851 1.
470 1789 833 1852 Sommrtm
858 1806 987 1849 esse
1014 1799 1071 1848 te
1098 1806 1235 1848 cum
1261 1789 1339 1849 de
1364 1791 1478 1849 tuis
1506 1791 2033 1869 communibusque
2058 1792 2180 1855 for-

286 1890 460 1958 tunis,
491 1898 616 1947 turn
642 1889 896 1947 maxime
933 1889 1008 1947 de
1044 1905 1141 1945 me
1178 1905 1249 1947 ac
1286 1888 1360 1947 de
1399 1888 1600 1947 dolore
1636 1906 1774 1947 meo
1803 1891 2030 1964 sentio;
2070 1892 2177 1969 qui

286 1989 526 2066 quidem
556 2006 723 2047 meus
750 1987 920 2047 dolor
946 2004 1070 2046 non
1095 1987 1280 2046 modo
1309 2005 1432 2047 non
1460 1988 1753 2059 minuitur,
1782 2006 1919 2047 curn
1947 1991 2172 2050 socium

285 2086 397 2147 sibi
424 2086 687 2161 adiungit
715 2085 978 2144 dolorem
1006 2093 1189 2156 tuum,
1217 2085 1324 2144 sed
1361 2085 1534 2142 etiam
1562 2095 1824 2160 augetur.
1907 2085 2173 2149 Omnino

282 2201 393 2260 pro
423 2194 524 2242 tua
555 2182 861 2259 prudentia
898 2182 1093 2252 sentiS,
1121 2199 1239 2258 qua
1275 2182 1676 2242 consolatione
1704 2182 1876 2242 levari
1913 2186 2179 2245 maxime

282 2282 510 2361 possim
525 2298 542 2351 ;
603 2282 820 2357 probas
869 2280 1027 2338 enim
1074 2296 1270 2338 meum
1319 2280 1627 2337 consilium
1674 2299 1973 2358 negasque
2027 2283 2172 2342 mihi

281 2374 596 2452 quicquam
633 2373 731 2431 tali
775 2382 1039 2450 tempore
1083 2373 1277 2449 potius
1321 2372 1656 2433 faciendum
1702 2373 1912 2434 suisse.·
1979 2376 2172 2437 Addis

281 2471 702 2549 etiam—quod
744 2473 853 2531 etsi
891 2470 1034 2530 mihi
1074 2470 1254 2530 levius
1296 2481 1385 2530 est
1432 2490 1610 2549 quam
1658 2481 1822 2531 tuum
1870 2474 2166 2547 iudicium,

277 2582 480 2632 tamen
519 2588 642 2628 non
684 2580 775 2628 est
811 2569 1222 2628 leve—ceteris
1262 2587 1515 2646 quoque,
1560 2569 1621 2628 id
1665 2580 1770 2642 est,
1800 2572 1899 2648 qui
1932 2573 2166 2648 pondus

277 2669 554 2739 habeant,
604 2667 822 2726 factum
876 2675 1142 2725 nostrum
1193 2668 1452 2743 probari.
1526 2667 1600 2726 Id
1653 2668 1703 2726 si
1750 2668 1830 2726 ita
1875 2682 2160 2745 putarem,

217 2756 227 2766 ’
275 2766 457 2827 levius
485 2765 762 2824 dolerem.
843 2769 861 2796 ‘
880 2763 1069 2823 Crede
1087 2762 1103 2787 ⁹
1145 2762 1336 2839 inquis
1380 2768 1396 2794 ⁸
1414 2763 1591 2821 mihi!
1676 2783 1729 2823 2.
1773 2763 1969 2824 Credo
1996 2769 2160 2844 equi-

276 2864 432 2934 dem,
462 2862 567 2923 sed
604 2863 744 2935 scio,
773 2879 952 2939 quam
990 2861 1192 2936 cupias
1228 2861 1413 2919 minui
1452 2861 1715 2919 dolorem
1757 2875 1969 2921 meum.
2056 2863 2164 2924 Me

274 2961 609 3021 discessisse
658 2961 734 3018 ab
778 2959 951 3018 armis
993 2975 1315 3035 numquam
1359 2959 1674 3035 paenituit:
1723 2969 1884 3019 tanta
1929 2971 2053 3019 erat
2094 2962 2159 3020 in

270 3061 380 3120 illis
408 3057 729 3129 crudelitaS‚
757 3066 918 3115 tanta
954 3074 1087 3116 cum
1116 3056 1374 3115 barbaris
1406 3057 1677 3133 gentibus
1713 3057 2064 3130 coniuncti0,
2089 3069 2158 3119 ut

268 3176 395 3217 non
422 3155 784 3227 nominatim,
808 3154 911 3214 sed
937 3154 1255 3230 generatim
1278 3153 1625 3230 proscriptio
1653 3165 1805 3214 esset
1826 3154 2157 3227 informata,

265 3268 330 3317 ut
368 3259 491 3317 iam
531 3256 797 3316 omnium
838 3252 1051 3312 iudicio
1098 3252 1476 3311 constitutum
1523 3262 1677 3312 esset
1718 3255 1982 3315 omnium
2021 3266 2166 3314 ves·'

262 3364 418 3415 trum
473 3357 632 3414 bona
686 3352 962 3430 praedam
1026 3367 1156 3408 esse
1209 3350 1361 3409 illius
1416 3351 1706 3413 victoriae.·
1805 3358 1821 3384 ‘
1838 3352 2113 3414 Vestrum
2132 3347 2154 3379 ¹

258 3454 434 3534 plane
473 3452 646 3524 dico;
688 3465 1010 3526 numquam
1047 3448 1206 3506 enim
1243 3447 1319 3508 de
1356 3458 1413 3507 te
1440 3449 1569 3526 ipso
1602 3450 1713 3510 nisi
1751 3444 2150 3517 crudelissime

1147 3563 1193 3608 N
1225 3562 1260 3602 a
