2642 3925
438 238 527 299 ao
870 256 883 271 ι
998 244 1075 295 Μ.
1129 226 1370 293 wrm
1412 225 1788 294 cromoms
1811 222 1828 231 ”
2117 228 2264 314 [rm
2285 244 2326 296 1.

438 411 460 439 ‘
482 405 584 465 tibi
649 422 772 464 non
813 389 1241 463 crediderunt!
1347 405 1367 437 ⁸
1385 400 1551 461 Mihi·
1593 420 1732 462 vero
1751 400 1771 430 ⁹
1839 400 2082 479 inquam
2149 405 2168 435 ‘
2189 419 2328 461 xxv.

438 495 681 562 iudices⁴
717 500 1096 571 crediderunt,
1152 503 1330 570 xxxr„
1377 500 1658 577 quoniam
1711 518 1986 559 nummos
2040 497 2176 557 ante
2229 515 2328 555 ac-

438 608 736 676 ceperunt,
782 599 903 657 ·tibi
961 596 1103 656 nihil
1162 597 1564 657 crediderunt!
1675 597 1912 674 Magnis
1975 594 2328 655 clamoribus

444 697 709 757 adflictus
742 694 1025 755 'conticuit
1066 703 1125 753 et
1164 695 1435 754 concidit.
1525 712 1551 753 1
1566 712 1614 755 1.
1658 694 1875 762 Noster
1915 703 2108 753 autem
2145 702 2328 751 status

441 803 536 854 est
602 794 731 853 hic:
798 791 957 869 apud
1023 792 1213 850 bonos
1280 791 1460 851 ii'dem
1528 794 1746 863 summ,
1818 810 1968 869 quos
2030 790 2326 868 reliquisti,

446 892 606 969 apud
670 890 908 951 sordem
976 890 1135 948 urbis
1201 900 1260 949 et
1325 888 1548 949 faecem
1618 889 1799 949 multo
1871 890 2076 949 melius
2150 875 2328 959 nund,

445 1008 633 1068 quam
684 1007 809 1047 cum
862 987 1174 1064 reliquisti:
1234 1006 1374 1047 nam
1426 999 1486 1047 et
1539 988 1677 1047 illud
1730 988 1902 1046 nobis
1955 1004 2079 1045 non
2137 976 2327 1056 obest,x

445 1088 627 1147 videri
681 1096 947 1145 nostrum
1003 1085 1398 1145 testimonium
1445 1105 1568 1145 non
1621 1087 1896 1145 valuisse:
1974 1085 2186 1144 missus
2242 1090 2356 1143 est.

446 1185 690 1263 sanguis
736 1184 986 1243 invidiae
1042 1184 1170 1242 sine
1226 1184 1426 1242 dolore
1441 1167 1464 1257 ’ς
1520 1196 1693 1261 atque
1747 1184 1922 1243 etiam
1962 1180 2077 1242 hoc
2123 1181 2333 1257 magis,

447 1283 613 1363 quod
676 1299 888 1341 omnes
943 1280 1020 1339 ini
1075 1280 1325 1340 fautores
1391 1282 1539 1341 illius
1601 1282 1802 1357 flagitii
1867 1300 1991 1339 rem
2032 1278 2334 1338 ¹manifes-

446 1368 571 1441 tam
642 1379 800 1439 illam
867 1378 1231 1455 redemptam
1296 1397 1426 1437 esse
1495 1399 1532 1438 a
1604 1380 1889 1438 iudicibus
1953 1378 2336 1448 confitentur,

452 1478 677 1539 accedit
714 1477 875 1547 illud,
903 1475 1065 1553 quod
1106 1475 1201 1534 illa
1242 1477 1590 1537 contionalis
1625 1477 1835 1536 hirudo
1876 1476 2106 1546 aerarii,⁴
2124 1476 2339 1534 misera

452 1595 524 1637 ac
576 1576 773 1635 ieiuna
825 1573 1145 1659 plebecula,
1201 1592 1300 1633 me
1364 1574 1439 1634 ab
1492 1575 1608 1635 hoc
1663 1574 1890 1650 Magno
1941 1574 2116 1633 unice
2178 1574 2340 1650 diligi

448 1684 629 1753 putat,
659 1683 717 1732 et
742 1672 974 1731 hercule
996 1670 1182 1729 multa
1205 1681 1267 1730 et
1292 1671 1545 1732 iucunda
1579 1672 1998 1732 consuetudine
2039 1671 2341 1731 coniuncti

449 1772 599 1830 inter
640 1788 753 1830 nos
797 1778 1027 1839 sumuS,'
1064 1786 1249 1845 usque
1304 1787 1398 1840 e0,
1453 1781 1518 1827 ut
1565 1770 1747 1829 nostri
1787 1764 1896 1829 isti
1929 1770 2340 1829 comissatores

451 1868 888 1938 coniurationis,
917 1867 1198 1925 barbatuli
1238 1852 1492 1940 iuveneS,
1521 1868 1682 1927 illum
1724 1868 1784 1927 in
1826 1868 2194 1927 sermonibus
2229 1866 2340 1927 Cn.
2369 1932 2382 1943 ‚

449 1967 803 2028 Ciceronem
859 1965 1184 2042 appellant5
1243 1965 1443 2041 itaque
1499 1977 1555 2025 et
1609 1966 1759 2026 ludis
1814 1968 1872 2025 et
1923 1963 2344 2042 gladiatoribus

455 2065 753 2124 mirandas
788 2066 1129 2134 ἐπισημασίας
1166 2064 1291 2123 sine
1333 2063 1451 2122 uila
1477 2064 1787 2140 pastoricia
1813 2065 2003 2124 fistula
2041 2063 2344 2124 aufereba-

457 2173 608 2222 mus,
631 2149 678 2228 ἓῖ
698 2180 789 2223 12.
846 2159 1023 2219 Nunc
1076 2170 1166 2220 est
1218 2163 1575 2238 exspectatio
1631 2163 2019 2235 comitiorum,
2073 2163 2136 2220 in
2191 2180 2344 2239 quae

457 2261 733 2319 omnibus
756 2258 949 2316 invitis
978 2257 1153 2316 trudit
1180 2267 1376 2316 noster
1404 2258 1660 2334 Magnus
1686 2255 2048 2354 Q,
2074 2268 2254 2335 atque
2278 2256 2351 2317 in'

456 2340 531 2416 eo
578 2373 773 2432 neque
826 2355 1164 2413 auctoritate
1220 2372 1412 2431 neque
1460 2357 1645 2431 gratia
1688 2366 1927 2434 pugnat,
1978 2356 2084 2415 sed
2130 2355 2345 2436 quibus

457 2453 756 2529 Philippus
784 2452 983 2510 omnia
1003 2452 1236 2511 castella
1262 2454 1585 2530 expugnari
1611 2447 1786 2529 posse
1813 2453 2045 2512 dicebat
2075 2449 2163 2535 [in
2193 2451 2345 2531 quae

2315 1293 2544 2257 M—chussyfflrffczl'm
2524 1219 2540 1231 «ι

456 2551 639 2609 modo
684 2549 895 2609 asellus
942 2560 1191 2609 onustus
1246 2568 1388 2609 auro
1436 2559 1664 2627 posset·
1691 2547 2072 2632 ascendere];
2137 2551 2347 2610 consui

456 2653 653 2708 autem
678 2648 771 2706 ille
799 2647 1098 2732 deterioris
1125 2647 1418 2706 histrionis
1447 2647 1658 2731 similis⁹
1673 2650 1999 2724 suscepisse
2040 2649 2346 2725 negotium

458 2747 664 2807 dicitur
690 2754 749 2805 et
798 2740 963 2804 domi
1012 2735 1291 2804 divisores
1328 2746 1583 2817 habere3
1630 2746 1792 2823 quod
1825 2765 1940 2823 ego
1984 2764 2106 2805 non
2148 2747 2344 2806 credo·

458 2843 577 2902 Sed
605 2850 841 2902 senatus
870 2843 1141 2901 consulta
1165 2843 1332 2901 duo·
1316 2860 1432 2901 iam
1470 2841 1624 2901 facta
1661 2852 1797 2901 sunt
1844 2839 2067 2914 odiosa,
2096 2845 2300 2921 quod·
2283 2862 2346 2903 ιιι

458 2939 769 3031 consulem
812 2931 965 2997 facta
1000 2950 1292 3017 putantur,
1328 2938 1565 2998 Catone
1607 2951 1665 3000 et
1695 2939 1958 3000 Domitio
1998 2929 2344 3018 postulante}

457 3054 663 3107 unum,
691 3023 755 3095 ut
797 3036 957 3113 apud
993 3033 1368 3112 magistratus
1410 3037 1620 3120 inquiri
1649 3037 1865 3111 liceret,
1895 3031 2156 3111 alterum,
2185 3039 2348 3097 cuius'

461 3135 624 3195 domi
666 3134 947 3194 divisores
988 3133 1332 3206 habitarent,
1368 3137 1671 3195 adversus
1687 3154 1812 3194 rem
1857 3138 2168 3214 publicam.
2255 3153 2348 3210 13.

462 3231 659 3292 Lurco
686 3236 880 3290 ‘autem
905 3233 1165 3292 tribunus
1192 3234 1289 3310 pl„
1312 3234 1412 3310 qui
1433 3235 1836 3310 magistratum
1864 3235 2036 3293 simul
2063 3253 2198 3293 cum
2220 3235 2351 3310 lege

464 3323 635 3388 'Aelia
675 3329 819 3400 iniit,
867 3329 1091 3420 solutus
1140 3340 1228 3390 est
1272 3340 1332 3389 et
1377 3329 1543 3389 Aelia
1589 3341 1648 3389 et
1695 3330 1876 3402 Fufia,
1925 3341 1990 3389 ut
2033 3331 2224 3408 legem
2277 3330 2353 3421 de

470 3428 695 3488 'ambitu
719 3426 932 3500 ferret,
952 3412 1141 3505 quam
1196 3429 1307 3488 ssle
1344 3431 1506 3488 bono
1562 3424 1828 3507 auspicio
1878 3428 2117 3490 claudus
2171 3409 2354 3491 homo
