2642 3925
471 252 557 318 66
896 305 904 315 ..
1006 268 1122 317 ,Μ.
1175 266 1411 315 wrm
1453 263 1826 316 orcERoms
1930 261 1943 270 ·
2040 278 2042 281 <
2122 251 2261 338 [Pars
2291 261 2358 320 112

472 427 612 499 Quo
650 423 887 504 quidem
928 423 1208 503 tempore,
1236 435 1302 485 ut
1339 423 1647 502 perscripsi
1684 425 1759 484 ad
1794 434 1851 484 te
1889 433 2075 494 antea,
2105 423 2357 500 cognovi

474 525 856 584 Hortensium
911 524 1292 602 percupidum
1353 524 1453 595 tui,
1514 523 1840 582 studiosum
1902 521 2228 591 Lucullum,
2282 539 2357 579 ex

472 623 902 699 magistratibus
970 632 1164 681 autem
1231 620 1301 680 L.
1372 619 1660 680 Racilium
1728 631 1785 679 et
1851 620 1967 679 fide
2028 630 2086 677 et
2154 620 2353 676 animo

475 721 767 798 singulari.
854 718 1010 778 Nam
1039 729 1238 778 nostra
1265 720 1652 795 propugnatio
1681 736 1749 777 ac
1778 718 2038 778 defensio
2067 718 2358 794 dignitatis

472 828 606 879 tuae
634 826 871 895 propter
898 817 1358 893 magnitudinem
1395 816 1660 876 beneficii
1689 816 1771 874 tui
1798 816 2043 874 fortasse
2070 816 2358 892 plerisque

475 917 651 975 officii
697 916 981 973 maiorem
1018 916 1416 974 auctoritatem
1456 914 1671 973 habere
1710 914 1969 973 videatur
2007 931 2181 991 quam
2227 929 2360 971 sen-¹

474 1015 702 1074 tentiae.
806 1031 860 1088 3.
904 1011 1208 1074 Praeterea
1263 1013 1500 1090 quidem
1557 1013 1629 1071 de
1685 1012 2083 1071 consularibus
2138 1012 2358 1070 nemini

475 1129 718 1189 possum
746 1120 845 1169 aut
878 1111 1048 1170 studii
1076 1130 1217 1188 erga
1245 1120 1301 1171 te
1335 1121 1434 1169 aut
1470 1111 1644 1170 officii
1682 1120 1781 1168 aut
1812 1109 1982 1169 amici
2019 1110 2195 1168 animi
2228 1127 2358 1168 esse

477 1211 683 1269 testis:
738 1208 952 1268 etenim
993 1204 1357 1286 Pompeium,
1399 1209 1499 1286 qui
1554 1201 1784 1268 mecum
1843 1207 2180 1284 saepissime
2235 1224 2357 1264 non

477 1310 668 1368 solum
709 1328 748 1367 a
790 1325 887 1366 me
940 1318 1302 1384 provocatuS,
1358 1308 1463 1366 sed
1519 1308 1691 1367 etiam
1748 1326 1853 1366 sua
1907 1317 2117 1384 sponte
2173 1306 2247 1364 de
2301 1311 2359 1363 te

479 1406 912 1465 communicare
967 1404 1128 1477 solet,
1172 1408 1286 1465 scis
1342 1406 1699 1482 temporibus
1752 1405 1861 1464 illis
1912 1420 2042 1464 non·
2084 1422 2266 1481 saepe·
2297 1404 2360 1461 in
2434 1391 2440 1399 ’

480 1514 686 1563 senatu
740 1502 951 1575 fuisse;
1009 1506 1102 1563 cui
1156 1504 1393 1581 quidem
1448 1505 1665 1563 litterae
1706 1514 1861 1577 tuae,
1910 1523 2055 1581 quas
2093 1504 2364 1580 proxime

477 1602 735 1672 miseraS,
791 1602 951 1678 quod
1005 1601 1173 1661 facile
1218 1602 1620 1673 intellexerim,
1670 1601 2059 1678 periucundae
2113 1600 2361 1660 fuerunta

422 1725 426 1730 ·
480 1697 628 1757 Mihi
669 1700 903 1776 quidem
945 1698 1272 1760 humanitas
1309 1711 1409 1759 tua
1443 1701 1535 1759 vel
1576 1719 1803 1759 summa
1843 1700 2037 1776 potius
2080 1701 2364 1777 sapientia

480 1815 604 1857 non
659 1798 911 1857 iucunda
975 1798 1182 1869 solum,
1246 1799 1353 1858 sed
1412 1799 1587 1857 etiam
1648 1798 1996 1857 admirabilis
2056 1799 2180 1857 visa
2235 1787 2364 1858 esti

477 1896 662 1954 virum
704 1897 863 1954 enim
911 1896 1289 1956 excellentem
1346 1906 1405 1955 et
1458 1896 1564 1981 tibi*
1614 1904 1716 1954 tua
1768 1897 2084 1974 praestanti
2122 1897 2185 1954 in
2227 1915 2365 1955 eum

478 1995 812 2054 liberalitate
851 1996 1200 2065 devinctum,
1230 2013 1355 2054 non
1391 1995 1533 2053 nihil
1567 1978 1962 2072 suspicantem
1990 2005 2229 2071 propter
2266 1995 2367 2054 ali·

482 2111 732 2170 quorum
762 2094 1102 2170 opinionem
1141 2110 1281 2153 suae
1310 2090 1639 2171 cupiditatis
1667 2104 1724 2153 te
1751 2094 1828 2152 ab
1866 2111 1929 2152 se
1957 2094 2365 2165 abalienatum,

483 2191 579 2249 illa
619 2191 861 2267 epistola
900 2192 1212 2265 retinuisti;
1270 2194 1369 2269 qui
1408 2193 1550 2251 mihi
1588 2204 1742 2251 cum·
1767 2211 1999 2269 semper
2035 2202 2167 2251 tuae
2208 2193 2370 2251 laudi

483 2288 673 2347 favere
738 2289 893 2347 visus
961 2300 1065 2361 est,
1120 2291 1294 2348 etiam
1363 2292 1494 2366 ipso
1563 2290 2033 2367 suspitiosissimo
2101 2302 2369 2367 tempore

458 2385 832 2474 ‘CaninianQ
855 2396 979 2444 tum
999 2405 1137 2446 vero
1166 2386 1328 2446 lectis
1356 2382 1468 2446 tuis
1498 2387 1693 2482 litteris
1723 2399 2060 2466 perspectus
2088 2376 2179 2447 est
2206 2407 2242 2446 a
2267 2408 2369 2447 me

484 2494 611 2542 toto
660 2483 859 2585 animo
905 2484 978 2542 de
1022 2495 1079 2543 te
1127 2500 1197 2543 ac
1243 2485 1330 2542 de
1368 2485 1481 2544 tuis
1525 2477 1882 2544 ornamentis
1930 2496 1988 2544 et
2036 2488 2369 2547 commodis

485 2582 762 2659 cogitare.
862 2599 914 2653 4.
964 2580 1101 2654 Qua
1139 2593 1201 2641 re
1241 2600 1328 2653 ea,
1360 2575 1520 2679 quae
1562 2585 1829 2656 scribam,
1873 2585 1957 2644 sic
1976 2584 2232 2658 habet0,
2270 2605 2369 2645 me

417 2755 423 2760 ,
484 2699 621 2740 cum
658 2676 756 2738 illo
793 2698 855 2739 re
897 2698 1070 2757 saepe
1112 2683 1540 2740 communicata
1581 2681 1654 2740 de
1691 2682 1837 2741 illius
1871 2684 1946 2742 ad
1988 2693 2045 2742 te
2084 2686 2370 2744 sententia

485 2789 661 2855 atque
710 2779 1043 2837 auctoritate
1092 2779 1373 2838 scribere.
1431 2779 1707 2857 quoniam
1755 2791 1989 2840 senatus
2037 2784 2369 2842 consultum

485 2877 709 2936 nullum
775 2885 980 2949 exstat,
1031 2893 1150 2953 quo
1214 2877 1475 2937 reductio
1542 2878 1707 2954 regis
1765 2873 2191 2961 [Alexandrini]
2266 2883 2370 2941 tibi

486 2950 766 3050 adempta
793 2974 882 3045 sit,
911 2992 1115 3051 eaque,
1146 2993 1297 3051 quae
1327 2976 1401 3033 de
1428 2994 1499 3069 ea
1536 2978 1750 3051 scripta
1786 2987 1890 3048 est,
1920 2980 2246 3052 auctoritas,
2276 2982 2371 3040 cui

489 3072 602 3130 scis
630 3072 1008 3130 intercessum
1036 3090 1182 3143 esse,
1203 3082 1273 3130 ut
1294 3081 1370 3130 ne
1388 3074 1529 3150 quis
1557 3064 1800 3133 omnino
1828 3094 2027 3151 regem
2053 3078 2370 3151 reduceret,

487 3179 710 3228 tantam
752 3168 866 3225 vim
908 3168 1098 3240 habet,
1126 3181 1190 3228 ut
1229 3171 1419 3246 magis
1460 3172 1736 3231 iratorum
1772 3173 2076 3232 hominum
2116 3178 2374 3236 studium

491 3281 668 3343 quam
701 3266 1026 3325 constantis
1069 3267 1304 3327 senatus
1346 3270 1648 3328 consilium
1688 3289 1815 3330 esse
1842 3272 2117 3357 videatur,
2147 3284 2204 3333 te
2242 3294 2375 3367 per-

491 3366 716 3440 spicere
785 3383 975 3441 posse,
1034 3367 1141 3441 qui
1188 3365 1450 3426 Ciliciam
1515 3353 1891 3473 Cyprumque
1961 3383 2176 3445 teneaS,
2232 3362 2378 3453 quid

493 3462 739 3531 efficere,
790 3471 881 3523 et
902 3453 1045 3541 quid
1098 3468 1381 3542 consequi
1428 3463 1641 3543 possis,
1685 3480 1759 3542 et,
1800 3470 1849 3529 si
1901 3468 2004 3532 r'es
2045 3473 2379 3538 facultatem

1423 3566 1453 3605 ..3
1796 3580 1800 3584 .
