2642 3925
273 259 360 321 sp.
401 271 440 319 ι,
479 238 552 330 2.]
733 256 962 307 Emsr.
1007 256 1107 303 AD
1149 255 1479 305 ATTICUM
1516 257 1567 305 1.
1600 258 1663 307 2.
2120 260 2159 325 3

211 448 217 458 .
269 406 417 466 usui·
454 406 516 466 in
561 405 776 465 nostris
831 405 1222 482 petitionibus,
1307 426 1364 479 4.
1408 406 1564 467 Sane
1618 424 1750 467 sum
1795 406 2159 483 'perturbatus

271 521 404 566 cum
445 502 627 579 ipsius
669 502 856 579 Satyri
893 502 1297 575 familiaritate,
1320 514 1463 563 tum·
1479 503 1740 576 Domitii,
1779 503 1841 561 in
1882 520 2003 579 quo
2125 519 2161 561 0

270 602 522 662 maxime
563 600 804 660 ambitio
837 613 1036 660 nostra
1071 602 1283 662 nititur.
1368 600 1781 664 Demonstravi
1821 600 1969 660 haec
2064 618 2162 658 ae-

271 698 437 760 cilio·
418 742 436 771 ‚
478 698 651 758 simul
697 707 757 759 et
803 698 944 758 illud
984 699 1237 772 ostendi,
1272 698 1323 760 si
1364 698 1491 775 ipse
1530 716 1683 759 unus
1724 716 1863 759 cum
1963 715 2002 756 o
2044 715 2163 757 uno

271 796 662 868 contenderet,
692 813 788 855 me
829 797 884 856 ei
924 796 1060 858 satis
1101 795 1385 856 facturum
1426 795 1641 855 fuisse·
1623 840 1641 869 ‚
1725 813 1846 854 une
1881 795 1944 856 in
1984 811 2163 856 causa

270 893 665 954 universorum
710 894 1078 963 creditorum,
1127 892 1371 952 hominu
1623 892 1819 953 sertim
1874 891 2160 968 amplissi-

270 1008 520 1063 morum,
567 993 667 1069 qui
712 991 838 1052 sine
881 1010 971 1063 eo,
1020 1010 1197 1068 quem
1247 990 1535 1052 Caecilius
1577 982 1687 1052 suo
1742 991 1982 1052 nomine
2029 1009 2160 1067 per-

270 1086 509 1160 hiberet,
557 1087 730 1148 facile
779 1106 1017 1148 causam
1072 1106 1448 1150 communem
1498 1089 1862 1159 sustinerent,
1905 1105 2167 1164 aequum.

271 1204 399 1247 esse
442 1204 578 1246 eum
620 1195 679 1248 et
717 1187 912 1248 officio
958 1203 1096 1248 meo
1144 1186 1449 1248 consulere
1490 1196 1548 1246 et
1593 1185 1861 1262 tempori.
1943 1184 2167 1246 Durius

272 1284 534 1362 accipere
580 1283 694 1343 hoc
748 1284 891 1343 mihi
928 1285 1084 1342 visus
1127 1294 1217 1342 est
1262 1301 1441 1360 quam
1484 1283 1691 1342 vellem
1732 1292 1790 1341 et
1831 1267 2009 1359 quam
2052 1283 2159 1341 ho·

271 1383 457 1442 mines
496 1380 631 1441 belli
672 1380 878 1454 soient,
920 1390 978 1439 et
1018 1390 1228 1457 postea
1267 1398 1506 1457 prorsus
1546 1382 1622 1439 ab
1663 1380 1922 1439 instituta
1961 1391 2165 1439 nostra

270 1496 591 1555 paucorum
613 1479 835 1540 dierum
863 1477 1283 1540 consuetudine
1302 1477 1479 1553 longe
1507 1477 1749 1554 refugit:
1790 1479 1897 1536 abs
1918 1487 1983 1536 te
2002 1489 2157 1554 petO,

271 1587 334 1636 ut
380 1576 522 1635 mihi
568 1576 684 1639 hoc
731 1576 1004 1651 ignoscas
1048 1585 1107 1634 et
1149 1593 1246 1634 me
1289 1575 1582 1635 existimes
1628 1575 2016 1636 humanitate7
2032 1592 2173 1633 esse·

272 1673 641 1750 prohibitum,
671 1693 736 1731 ne
766 1680 959 1732 contra
999 1672 1173 1734 amici
1204 1690 1497 1732 summam
1534 1667 2019 1732 existimationem
2056 1672 2159 1729 mi-

272 1771 514 1832 serrimo
550 1770 679 1831 eius·
707 1779 970 1847 tempore
1010 1770 1282 1841 venirem,
1324 1789 1460 1835 cum
1501 1771 1549 1829 is
1591 1772 1799 1832 omnia.
1827 1785 1936 1832 sua
1963 1768 2162 1830 *studia

273 1877 332 1926 et
371 1867 563 1928 officia
600 1868 662 1926 in
702 1885 799 1925 me
840 1864 1257 1939 contulisset!
1274 1866 1458 1938 Quod
1498 1867 1550 1927 si
1571 1855 1747 1928 'voles
1788 1868 1854 1925 in
1896 1885 1992 1927 me
2032 1884 2162 1927 esse

273 1966 484 2037 durior,
527 1965 906 2024 ambitionem
955 1966 1187 2040 putabis
1230 1965 1372 2023 mihi
1421 1966 1746 2037 obstitisse;
1803 1983 1918 2040 ego
1966 1976 2161 2023 autem

272 2063 531 2133 arbitror,
578 2063 752 2120 etiam
796 2062 845 2120 si
899 2061 962 2120 id
1015 2062 1104 2132 sit,
1152 2061 1296 2121 mihi
1354 2062 1780 2138 ignoscendum
1834 2079 1997 2125 esse:
2052 2065 2163 2120 ἐπεὶ

186 2148 189 2151 ’
272 2164 373 2234 οὐχ
414 2161 598 2234 ἱερὴἰον
638 2162 755 2216 οὐδὲ
794 2162 986 2230 βαίην.
1064 2158 1249 2223 Vides
1289 2161 1464 2231 enim,
1501 2162 1562 2219 in
1604 2179 1724 2237 quo
1767 2179 1939 2223 cursu
1980 2161 2161 2220 simus
2201 2194 2202 2197 =

271 2270 330 2319 et
385 2276 564 2335 quam
619 2274 826 2317 omnes
878 2256 1090 2334 gratias
1143 2275 1266 2315 non
1323 2259 1505 2319 modo
1558 2258 1907 2330 retinendaS,
1961 2277 2162 2318 verum

273 2357 448 2417 etiam
487 2353 871 2432 acquirendas
898 2363 1185 2431 putemus,
1272 2354 1458 2432 Spero
1486 2357 1589 2415 tibi
1627 2375 1725 2415 me
1754 2372 1992 2419 causam
2023 2375 2161 2434 pro·

272 2455 458 2524 basse,
516 2452 692 2528 cupio
738 2451 981 2526 quidem
1033 2461 1204 2510 certe.
1291 2467 1346 2525 5.
1387 2452 1789 2515 Hermathena
1842 2462 1942 2512 tua
1994 2454 2162 2512 valde

271 2568 368 2610 me
410 2549 659 2608 delectat
697 2558 757 2608 et
787 2550 979 2626 posita
1018 2550 1100 2607 ita
1138 2549 1287 2609 belle
1330 2559 1434 2621 est,
1475 2560 1539 2609 ut
1572 2560 1761 2609 totum
1792 2550 2160 2629 gymnasium

271 2649 398 2711 eius
421 2650 651 2723 ἀνάθημα
676 2666 805 2711 esse
832 2649 1106 2711 videatur.
1188 2647 1442 2708 Multum
1470 2659 1526 2709 te
1554 2666 1835 2709 amamus.

787 2831 847 2889 2.
928 2825 1044 2887 AD
1097 2825 1488 2887 ATTICUM
1541 2827 1588 2886 L
1622 2846 1677 2889 a.

829 2931 963 2994 Sca.
1005 2931 1225 2993 Rom
1264 2950 1430 2994 ⁴mxc.
1477 2935 1622 3008 689.

904 3056 1108 3100 cremo
1149 3057 1364 3100 amco
1405 3057 1528 3099 SAL.

359 3166 411 3207 1.
453 3145 526 3206 L.
552 3145 704 3205 Iulio
733 3143 988 3205 Caesare
1017 3145 1086 3204 C.
1115 3145 1345 3205 Marcio
1374 3145 1581 3221 Figulo
1616 3146 1953 3208 consulibus
1981 3109 2159 3208 fiiiolo

269 3263 367 3304 me
411 3253 648 3303 auctum
689 3242 833 3302 scito
881 3242 1043 3321 salva>
1077 3241 1371 3302 Terentia.
1454 3244 1580 3302 Abs
1621 3253 1679 3303 te
1719 3255 1841 3303 tam
1880 3245 1980 3304 diu
2019 3247 2160 3304 nihil

269 3342 621 3400 litterarum?
667 3358 783 3415 ego
823 3339 897 3397 de
952 3340 1098 3398 meis
1140 3339 1216 3399 ad
1255 3350 1313 3398 te
1369 3341 1684 3400 rationibus
1727 3342 1930 3418 scripsi
1985 3353 2163 3402 antea-

271 3440 588 3516 diligenter.
717 3435 854 3496 Hoc
943 3446 1203 3513 tempore
1300 3435 1628 3511 Catilinam,
1712 3441 2166 3518 competitorem·

1168 3554 1204 3594 B
1238 3554 1267 3592 2

1759 2868 1834 2965 ὓ
1895 2834 1966 2913 ¹*
