2642 3925
429 240 555 324 236
971 253 1048 302 M.
1102 254 1340 303 wart
1368 224 1587 304 'crem
1594 253 1757 302 oms
2093 238 2231 324 [Pars
2258 255 2319 303 v,

428 410 555 469 urbi
585 417 643 469 et
670 407 793 468 otio
828 408 1146 468 diffiderem
1175 411 1400 469 urbano
1426 430 1445 483 3
1488 410 1592 469 sed
1621 411 1698 468 ita
1736 427 2075 486 compressa
2100 428 2191 468 res
2216 419 2321 476 est,

427 518 494 567 ut
519 508 660 566 mihi
689 508 987 566 videamur
1023 525 1201 566 omne
1234 508 1351 566 iam
1392 508 1468 567 ad
1495 517 1727 584 tempus
1768 507 1843 565 ab
1883 508 1981 565 illo
2022 507 2324 565 dumtaxat

429 605 829 666 sordidissimo
858 604 1116 682 periculo
1144 607 1249 665 tuti
1279 606 1468 665 futuri.
1551 605 1801 682 Reliqua
1835 623 2055 682 magna
2090 615 2225 664 sunt
2251 622 2321 663 ac

427 704 620 774 multa,
670 702 774 762 sed
820 703 1016 779 posita
1059 705 1258 762 omnia
1305 704 1369 762 in
1404 703 1603 762 vobis:
1662 721 2022 781 quamquam
2070 703 2323 778 primum

427 801 683 876 quidque
721 799 1097 875 explicemus
1180 799 1356 871 Nam,
1384 809 1449 858 ut
1488 799 1677 859 adhuc
1708 800 1947 878 quidem
1986 813 2180 859 actum
2217 809 2320 867 est,

426 916 548 956 non
596 914 799 973 regno,
845 896 950 956 sed
997 915 1135 972 rege
1183 897 1407 956 liberati
1450 896 1751 965 videmurz
1810 897 2112 955 interfecto
2164 897 2323 955 enim

427 1013 565 1070 rege
593 994 786 1068 regios
829 993 1022 1052 omnis
1056 1002 1229 1052 nutus
1259 1002 1504 1074 tuemur.
1589 993 1800 1071 Neque
1827 1012 1967 1052 vero
2009 994 2071 1053 id
2112 992 2322 1064 solum,

428 1093 535 1152 sed
574 1093 764 1161 etiam,
799 1109 950 1166 quae
988 1091 1115 1167 ipse
1155 1091 1262 1161 ille,
1304 1093 1354 1150 si
1394 1091 1621 1162 viveret,
1660 1109 1785 1149 non
1823 1090 2057 1163 faceret,
2098 1109 2170 1150 ea
2210 1108 2324 1150 nos

429 1191 595 1266 quasi
640 1189 892 1266 cogitata
937 1189 1012 1247 ab
1054 1189 1150 1247 illo
1191 1191 1528 1265 probamus·
1613 1186 1742 1247 Nec
1790 1189 1916 1247 eius
1960 1183 2196 1264 quidem
2240 1189 2326 1247 rei

428 1287 605 1344 finem
647 1288 850 1345 video:
891 1285 1122 1345 tabulae
1164 1287 1455 1360 figuntur3
1498 1285 1891 1344 immunitates
1936 1284 2177 1357 dantur-3
2218 1303 2326 1361 pe·

428 1385 635 1443 cuniae
661 1385 952 1444 maximae
990 1383 1411 1453 discribuntur3
1456 1382 1683 1464 exsules
1719 1382 2111 1453 reducuntur3
2157 1401 2326 1441 sena-

427 1492 522 1541 tus
571 1482 836 1541 consulta
883 1481 1028 1540 falsa
1076 1481 1440 1539 referuntur:
1505 1491 1569 1538 ut
1616 1489 1841 1538 tantum
1890 1480 2072 1538 modo
2122 1478 2330 1538 odium

428 1578 565 1638 illud
610 1576 866 1637 hominis
921 1579 1132 1654 impuri
1189 1588 1248 1637 et
1301 1578 1588 1638 servitutis
1645 1577 1813 1636 dolor
1861 1577 2137 1653 depulsus
2192 1595 2330 1636 esse

429 1675 702 1746 videatur,
732 1694 824 1760 res
852 1675 1086 1751 publica
1112 1676 1297 1733 iaceat
1324 1675 1386 1732 in
1413 1675 1483 1732 iis
1510 1675 2055 1760 perturbationibuS,
2086 1675 2147 1732 in
2175 1693 2329 1751 quas

430 1793 561 1833 eam
589 1774 682 1832 ille
711 1773 973 1833 coniecit.
1061 1792 1112 1833 2.
1159 1772 1328 1831 Haec
1355 1773 1557 1831 omnia
1583 1773 1749 1830 vobis
1778 1780 1915 1831 sunt
1941 1772 2329 1848 expedienda,

429 1891 541 1932 nec
583 1871 699 1931 hoc
743 1870 1140 1947 cogitandum,
1183 1870 1323 1929 satis
1368 1869 1485 1928 iam
1527 1868 1742 1928 habere
1789 1888 1912 1928 rem
1954 1870 2248 1946 publicam
2290 1890 2334 1931 a

429 1972 629 2031 vobis:
668 1970 844 2029 habet
871 1970 965 2028 illa
985 1969 1223 2045 quidem
1250 1976 1496 2038 tantum,
1520 1978 1805 2043 quantum
1831 1987 2163 2045 numquam.
2182 1968 2333 2027 mihi

430 2070 491 2128 in
517 2078 774 2128 mentem
802 2068 958 2126 venit
986 2077 1204 2143 optare,
1235 2066 1343 2125 sed
1372 2074 1645 2125 contenta
1670 2084 1795 2125 non
1823 2077 1912 2126 est
1939 2077 1997 2125 et
2024 2084 2133 2143 pro
2160 2085 2333 2143 mag-

430 2164 690 2225 nitudine
718 2176 778 2224 et
804 2166 980 2224 animi
1007 2174 1067 2223 et
1091 2149 1358 2222 beneficii
1386 2164 1557 2220 vestri
1587 2182 1623 2221 a
1649 2164 1815 2223 vobis
1844 2182 2061 2238 magna
2100 2163 2335 2223 deside-

431 2274 520 2321 rat
547 2262 753 2322 adhuc.
835 2260 976 2320 Ulta
1003 2280 1139 2321 suas
1166 2261 1404 2320 iniurias
1431 2270 1517 2320 est
1546 2279 1650 2336 per
1670 2279 1776 2320 vos
1803 2262 2035 2320 interitu
2063 2262 2331 2338 tyranni;

432 2359 573 2420 nihil
614 2360 895 2435 amplius:
937 2369 1281 2417 ornamenta
1312 2376 1451 2416 vero
1494 2376 1601 2416 sua
1642 2377 1792 2435 quae
1832 2359 2207 2435 reciperavit?
2249 2378 2331 2417 an

434 2457 595 2535 quod
637 2458 690 2515 ei
730 2466 960 2515 mortuo
1008 2467 1186 2531 paret,
1230 2474 1406 2531 quem
1448 2456 1640 2513 vivum
1684 2455 1832 2515 ferre
1881 2474 2004 2515 non
2054 2460 2329 2531 poterat?

434 2557 599 2615 cuius
648 2572 782 2615 aera
825 2554 1068 2629 refigere
1117 2552 1491 2623 debebamuS,
1537 2554 1661 2612 eius
1716 2554 1891 2612 etiam
1941 2554 2331 2631 chirographa

435 2652 840 2714 defendimus?
921 2656 938 2685 ‘
955 2652 1036 2710 At
1064 2652 1218 2711 enim
1241 2650 1740 2718 itadecrevimus?
1821 2652 2091 2712 Fecimus
2119 2653 2180 2712 id
2203 2654 2331 2730 qui-

434 2752 570 2811 dem
598 2751 956 2828 temporibus
983 2749 1272 2819 cedenteS,
1304 2766 1453 2823 quae
1480 2748 1671 2808 valent
1703 2750 1765 2807 in
1801 2769 1865 2809 re
1892 2751 2125 2826 publica
2151 2752 2330 2825 pluri-

433 2868 632 2921 mum;
675 2848 778 2908 sed
807 2847 1187 2906 immoderate
1214 2845 1453 2923 quidem
1482 2856 1540 2903 et
1566 2846 1789 2922 ingrate
1828 2858 2027 2907 nostra
2057 2847 2330 2908 facilitate

433 2948 764 3007 abutuntur.
845 2946 1068 3003 Verum
1093 2943 1238 3001 haec
1265 2943 1606 3019 propediem
1640 2954 1697 3002 et
1724 2944 1905 3003 multa
1941 2946 2053 3004 alia
2093 2963 2329 3007 coram:

431 3045 659 3103 interim
688 3043 858 3101 velim
905 3043 988 3102 sic
1029 3042 1130 3101 tibi
1168 3040 1535 3117 persuadeas,
1565 3042 1705 3099 mihi
1750 3061 1884 3102 cum
1924 3044 2009 3102 rei
2039 3043 2325 3120 publicae,

434 3160 612 3218 quam
642 3158 874 3216 semper
901 3140 1077 3199 habui
1105 3139 1477 3217 carissimam,
1510 3147 1630 3197 tum
1669 3140 1886 3198 amoris
1924 3141 2108 3198 nostri
2149 3160 2329 3200 causa

433 3238 722 3297 maximae
772 3255 941 3295 curae
989 3255 1118 3295 esse
1165 3247 1329 3296 tuam
1377 3236 1734 3313 dignitatem.
1817 3236 1913 3296 Da
1960 3255 2221 3315 operam,
2262 3251 2331 3299 ut

433 3333 642 3392 valeas·
724 3328 939 3412 [Vale]
