2642 3925
324 256 414 323 sp.
446 241 559 332 30]
658 323 665 328 ὓ
728 257 959 313 EPIST.
1001 257 1102 308 AD
1145 251 1707 309 umanum-11.
1755 245 1817 309 6.
2128 243 2213 327 89

324 405 501 464 dicari
536 423 714 484 quam
756 405 793 465 a
831 403 1276 492 meoponderari
1317 407 1526 480 solent,
1564 405 1942 468 verecundius
1984 421 2021 465 a
2059 416 2134 477 te,
2166 408 2212 466 si

325 522 475 579 quae
504 523 720 581 magna
751 523 846 564 res
874 505 1016 563 mihi
1053 506 1308 582 petenda
1344 516 1514 577 esset,
1546 505 1997 575 contenderem3
2039 515 2213 580 grave

324 611 413 660 est
448 604 607 660 enim
644 602 869 661 homini
904 602 1146 680 pudenti
1182 613 1382 679 petere
1419 603 1636 680 aliquid
1679 619 1959 678 magnum
2001 603 2077 660 ab
2119 619 2212 671 e0,

326 698 399 757 de
427 716 547 775 quo
575 716 641 758 se
669 700 821 759 bene
848 701 1118 760 meritum
1146 711 1325 777 putet,
1355 717 1431 760 ne
1468 702 1547 770 id,
1574 701 1736 777 quod
1772 709 1948 776 petat,
1977 700 2213 776 exigere

325 800 514 874 magis
540 817 720 875 quam
748 817 955 877 rogare
982 809 1043 859 et
1077 800 1140 858 in
1176 800 1462 858 mercedis
1500 800 1694 876 potius
1731 817 1907 874 quam
1946 795 2213 856 beneficii

325 897 457 954 loco
484 915 787 957 numerare
817 898 1090 957 videatur.
1177 916 1230 958 2.
1276 896 1394 955 Sed
1422 899 1559 973 quia
1585 907 1684 955 tua
1716 898 1776 955 in
1813 915 1910 955 me
1947 896 2037 955 vel
2074 905 2217 954 nota

326 994 596 1053 omnibus
617 995 708 1054 vel
736 995 864 1070 ipsa
883 996 1135 1054 novitate
1162 1012 1430 1054 meorum
1459 1006 1787 1072 temporum
1817 994 2129 1054 clarissima
2156 1002 2215 1051 et

325 1091 580 1149 maxima
619 1091 904 1150 beneficia
943 1092 1299 1163 exstiterunt,
1342 1101 1548 1168 estque
1594 1092 1773 1151 animi
1820 1091 2076 1167 ingenui,
2121 1090 2215 1150 cui

326 1187 572 1246 multum
600 1188 833 1259 debeaS‚
864 1188 1054 1247 eidem
1082 1188 1396 1264 plurimum
1423 1188 1566 1247 velle
1604 1188 1833 1259 debere,
1863 1207 1985 1247 non
2024 1190 2213 1248 dubit·

326 1286 417 1344 avi
453 1284 512 1344 id
546 1304 585 1344 a
624 1295 680 1345 te
721 1305 826 1362 per
866 1285 1082 1345 litteras
1125 1295 1340 1362 petere,
1368 1286 1528 1362 quod
1571 1286 1713 1345 mihi
1755 1287 2019 1345 omnium
2060 1296 2216 1346 esset

327 1385 648 1443 maximum
704 1385 1074 1460 maximeque
1129 1385 1522 1444 necessarium
1544 1404 1561 1457 3
1627 1370 1842 1462 nequev
1871 1386 2029 1444 enim
2084 1404 2216 1444 sum

328 1483 537 1541 veritus
618 1499 694 1540 ne
779 1482 1061 1541 sustinere
1147 1492 1248 1540 tua
1329 1482 1391 1539 in
1459 1500 1555 1540 me
1619 1482 1711 1540 vel
1776 1483 2217 1543 innumerabilia

329 1599 450 1639 non
506 1597 762 1656 possem,
819 1598 953 1639 cum
1008 1580 1348 1656 praesertim
1404 1580 1758 1639 confiderem
1816 1580 2034 1640 nullam
2087 1597 2217 1641 esse

328 1679 572 1755 gratiam
613 1687 852 1748 tantam,
894 1695 1072 1754 quam
1114 1695 1236 1737 non
1275 1677 1366 1736 vel
1414 1695 1626 1754 capere
1672 1679 1901 1737 animus
1935 1691 2113 1738 -meus
2155 1681 2218 1738 in

329 1757 666 1851 accipiendo
699 1773 789 1833 vel
826 1775 884 1832 in
928 1773 1354 1833 remunerando
1396 1774 1688 1833 cumulare
1730 1785 1902 1850 atque
1942 1776 2218 1835 illustrare

331 1882 544 1950 posset.
645 1890 699 1947 3.
762 1869 896 1948 Ego
950 1873 1148 1931 omnia
1202 1889 1335 1931 mea
1390 1871 1595 1941 studia,
1653 1890 1894 1931 omnem
1959 1890 2217 1948 operam,

332 1990 550 2041 curam,
577 1970 935 2042 industriam,
956 1971 1392 2047 cogitationem,
1415 1981 1671 2030 mentem
1699 1971 1949 2048 denique
1980 1990 2219 2031 ornnem

333 2071 395 2128 in
424 2067 663 2127 Milonis
690 2068 995 2127 consulatu
1022 2068 1122 2126 fixi
1149 2078 1207 2126 et
1235 2067 1436 2138 locavi,
1467 2069 1755 2145 stanfique
1782 2070 1841 2126 in
1869 2087 2068 2129 come
2095 2085 2220 2130 non

331 2167 507 2228 officii
550 2165 740 2225 solum
779 2165 1027 2226 fructum
1077 2166 1183 2226 sed
1229 2166 1404 2225 etiam
1453 2166 1681 2242 pietatis
1725 2166 1958 2226 laudem
2008 2166 2223 2228 debere

333 2282 611 2344 quaerere
635 2283 653 2337 3
696 2280 888 2340 neque
921 2282 1058 2324 vero
1096 2260 1366 2340 cuiquam
1408 2265 1649 2323 salutem
1690 2283 1760 2324 ac
1797 2264 2058 2325 fortunas
2088 2284 2223 2327 suas

334 2375 527 2424 tantae
566 2380 738 2421 curae
765 2362 941 2424 fuisse
972 2376 1248 2439 umquam
1277 2374 1437 2440 pute,
1467 2374 1718 2440 quantae
1746 2363 1887 2422 mihi
1913 2375 2002 2424 est
2030 2366 2223 2425 honos

333 2461 474 2529 eiuS‚
519 2460 581 2517 in
630 2452 751 2535 quo
792 2459 993 2518 omnia
1034 2477 1167 2517 mea
1211 2460 1404 2550 posita
1450 2477 1578 2518 esse
1624 2460 1866 2521 decrevi.
1950 2460 2109 2522 Huic
2166 2474 2223 2523 te

332 2575 516 2619 unum
557 2566 720 2615 tanto
760 2557 1099 2616 adiumento
1136 2575 1285 2628 esse,
1326 2557 1374 2616 si
1414 2558 1682 2629 volueriS‚
1710 2574 1886 2635 posse
1929 2560 2219 2636 intellego,

333 2666 397 2714 ut
424 2655 565 2714 nihil
595 2655 668 2713 sit
694 2664 991 2730 praeterea
1018 2656 1190 2714 nobis
1216 2656 1647 2732 requirendum.
1731 2657 2039 2716 Habemus
2075 2657 2222 2717 haec

335 2754 555 2813 omnia:
585 2753 875 2811 bonorum
905 2753 1159 2811 studium
1189 2754 1560 2812 conciliatum
1581 2772 1656 2812 ex
1676 2755 1963 2813 tribunatu
1986 2766 2225 2831 propter

334 2864 612 2921 nostram,
641 2858 707 2908 ut
733 2865 909 2925 spero
935 2859 991 2906 te
1020 2849 1367 2925 intellegere,
1398 2867 1665 2921 causam;
1693 2840 1854 2925 volgi*
1876 2868 1945 2909 ac
1971 2836 2224 2911 multitu-

320 2951 489 3012 ·dinis
536 2958 774 3027 propter
820 2948 1312 3024 magnificentiam
1357 2967 1668 3008 munerum
1714 2948 2223 3027 liberalitatemque

334 3058 598 3117 naturae3
626 3047 932 3106 iuventutis
954 3056 1014 3106 et
1031 3046 1420 3121 gratiosorum
1442 3046 1501 3104 in
1525 3045 1812 3122 suffragiis
1836 3046 2026 3106 studia
2044 3066 2224 3124 prop-

333 3159 420 3207 ter
445 3145 628 3223 ipsius
654 3144 1033 3206 excellentem
1060 3145 1122 3202 in
1148 3161 1223 3202 eo
1249 3162 1466 3220 genere
1484 3143 1575 3202 vel
1603 3145 1848 3220 gratiam
1867 3144 1958 3203 vel
1981 3145 2225 3221 diligen⁴

333 3248 498 3316 tiam3
543 3253 801 3303 nostram
840 3242 1332 3318 suffragationem,
1361 3244 1409 3301 si
1438 3243 1630 3301 minus
1658 3252 1974 3319 potentem,
2004 3254 2063 3305 at
2090 3263 2226 3321 pro-

333 3347 529 3404 batam
573 3350 768 3399 tamen
809 3350 868 3398 et
905 3341 1114 3399 iustam
1149 3351 1205 3401 et
1246 3339 1501 3400 debitam
1542 3350 1601 3400 et
1638 3351 1947 3416 propterea
1984 3339 2227 3399 fortasse

333 3441 506 3503 etiam
534 3438 867 3523 gratiosam.
950 3458 1008 3512 4.
1052 3437 1195 3507 Dux
1223 3438 1397 3523 nobis
1424 3451 1482 3501 et
1511 3451 1715 3503 auctor
1744 3455 1904 3519 opus·
1925 3448 2015 3498 est
2042 3447 2100 3497 et
2126 3455 2229 3498 eo-

634 3564 662 3594 ἦ
