2642 3925
398 252 489 316 sp.
523 238 641 325 πμ]
849 251 1078 302 ems-r.
1120 245 1221 300 AD
1259 250 1708 302 umnam-s
1746 254 1797 301 1.
1843 259 1906 325 9.
2205 233 2242 301 8
2246 233 2292 323 5

400 401 610 478 quibus
651 403 825 461 rebus
871 402 1157 462 adductus
1196 419 1490 480 quamque
1532 419 1657 460 rem
1693 392 2049 479 causamque
2088 399 2291 461 defen-³

347 497 349 499 ’
402 498 603 571 derim,
621 499 835 577 quique
859 517 1027 558 meus
1054 500 1115 557 in
1141 518 1203 558 re
1232 499 1468 575 publica
1496 498 1567 557 sit
1597 515 1706 574 pro
1731 516 1864 556 mea
1890 508 2052 575 parte
2082 516 2290 575 capes-

402 596 586 654 senda
627 605 843 667 status3
888 596 961 655 de
1003 613 1124 673 quo
1165 597 1248 655 sic
1289 596 1461 653 velim
1503 606 1739 666 statuaS,
1767 613 1864 654 me
1901 594 2048 655 haec
2080 596 2287 654 eadem

404 710 708 752 sensurum
748 693 943 764 fuisse,
974 694 1022 752 si
1059 694 1201 751 mihi
1229 693 1454 768 integra
1482 694 1681 751 omnia
1709 711 1778 751 ac
1807 692 1986 750 libera
2013 691 2290 751 fuissent&

402 808 541 848 nam
596 808 787 867 neque
842 792 1226 868 pugnandum
1282 792 1584 849 arbitrarer
1637 799 1843 849 contra
1896 801 2087 848 tantas
2140 806 2290 865 opes

401 906 594 965 neque
650 888 981 955 delendum.
1029 890 1204 947 etiam
1259 889 1310 946 si
1364 888 1425 946 id
1482 886 1603 945 fieri
1658 896 1877 962 posset,
1927 904 2287 945 summorum

404 986 613 1044 civium
654 988 1043 1063 princi-patum
1086 1003 1196 1045 nec
1235 983 1699 1061 permanendum
1740 984 1802 1042 in
1842 1002 1963 1043 una
2002 985 2289 1042 sententia

403 1086 696 1144 conversis
751 1086 924 1144 rebus
979 1102 1051 1145 ac
1104 1085 1397 1143 bonorum
1446 1082 1837 1142 voluntatibus
1882 1082 2132 1153 mutatiS‚
2183 1082 2291 1141 sed

336 1239 350 1255 ,
404 1184 763 1260 temporibus
815 1184 1278 1242 adsentiendum.
1376 1181 1717 1262 Numquam
1769 1181 1930 1240 enim
1994 1183 2055 1239 in
2124 1199 2290 1257 prae-

405 1282 688 1340 stantibus
707 1282 768 1340 in
795 1299 858 1340 re
885 1282 1119 1357 publiea
1145 1280 1525 1356 gubernanda
1553 1280 1685 1339 viris
1710 1278 1942 1338 laudata
1969 1289 2058 1339 est
2083 1279 2145 1337 in
2171 1293 2291 1338 una

407 1380 690 1438 sententia
724 1389 1004 1455 perpetua
1041 1379 1396 1455 permansio,
1425 1378 1547 1449 sed,
1575 1388 1641 1436 ut
1678 1379 1737 1435 in
1780 1376 2111 1453 navigando
2139 1387 2289 1436 tem-

405 1477 611 1552 pestati
658 1477 921 1561 obsequi,
952 1477 1093 1536 artis
1138 1486 1243 1547 est,
1292 1475 1466 1540 etiam
1518 1477 1567 1534 si
1622 1485 1857 1552 portum
1912 1485 2110 1534 tenere
2165 1493 2288 1533 non

405 1592 602 1649 queas»,
645 1592 781 1633 cum
827 1592 966 1634 vero
1006 1573 1068 1633 id
1109 1574 1304 1651 possis
1345 1585 1567 1632 mutata
1608 1572 1988 1632 velificatione
2028 1571 2289 1649 adsequi,

406 1672 640 1731 stultum
694 1682 783 1731 est
836 1689 971 1729 eum
1026 1682 1223 1730 tenere
1279 1689 1415 1731 cum
1477 1670 1736 1747 periculo
1802 1688 2052 1742 cursum,
2110 1688 2285 1747 quem

405 1771 645 1847 ceperis»,
674 1770 868 1845 potius
901 1788 1080 1846 quam
1117 1787 1192 1828 eo
1227 1778 1589 1829 commutato
1624 1786 1743 1845 quo
1770 1767 1909 1825 velis
1938 1777 2131 1826 tamen
2160 1786 2292 1844 per-

404 1869 613 1940 venire,
633 1868 731 1938 sic,
749 1885 883 1926 eum
905 1868 1178 1926 omnibus
1199 1866 1372 1924 nobis
1399 1867 1459 1924 in
1489 1865 1941 1924 administranda
1968 1882 2031 1922 re
2058 1865 2289 1941 publica

405 1968 769 2044 propositum
797 1985 926 2025 esse
955 1966 1164 2025 debeat
1191 1965 1267 2037 id,
1297 1965 1458 2041 quod
1493 1984 1528 2024 a
1561 1983 1658 2022 me
1696 1964 2035 2040 saepissime
2074 1963 2292 2025 dietum

405 2084 509 2144 est,
551 2090 685 2132 cum
730 2073 1007 2149 dignitate
1047 2073 1248 2144 otium,
1290 2087 1415 2129 non
1458 2071 1613 2129 idem
1659 2088 1887 2145 semper
1931 2069 2140 2139 dicere,
2185 2069 2297 2128 sed.

405 2172 563 2229 idern
592 2188 823 2246 semper
850 2179 1115 2246 spectare
1143 2169 1442 2229 debemus,
1529 2166 1730 2239 Quam
1757 2169 1837 2226 ob
1864 2185 2006 2240 rem,
2023 2177 2088 2226 ut
2115 2167 2291 2245 paulo

406 2282 541 2328 ante
568 2269 756 2351 posui,
787 2268 835 2327 si
864 2279 1059 2328 essent
1086 2268 1287 2327 omnia
1319 2267 1462 2325 mihi
1500 2266 1868 2338 solutissima,
1899 2277 2096 2326 tamen
2128 2267 2188 2324 in
2229 2286 2292 2325 re

404 2367 636 2443 publica
677 2384 799 2424 non
840 2365 985 2424 alius
1025 2383 1215 2424 essem
1259 2374 1431 2440 atque
1473 2382 1628 2423 nunc
1671 2377 1834 2424 sumt·
1879 2382 2013 2423 cum
2052 2382 2190 2423 vero
2232 2365 2290 2421 in

405 2466 562 2524 hunc
590 2474 913 2535 sensum,et
940 2463 1173 2521 adliciat
1199 2461 1494 2521 beneficiis
1531 2461 1838 2520 hominum
1876 2473 1933 2520 et
1974 2462 2290 2538 compellar

405 2562 640 2633 iniuriis»,
669 2561 835 2621 facile
864 2561 1052 2637 patior
1079 2579 1149 2619 ea
1175 2579 1272 2619 me
1301 2561 1377 2619 de
1403 2579 1466 2619 re
1492 2560 1724 2637 publica
1752 2550 1963 2619 sentire
1989 2577 2059 2617 ac
2099 2560 2290 2618 dicere

407 2677 555 2737 quae
592 2660 844 2717 maxime
874 2676 1009 2717 cum
1036 2657 1179 2717 mihi
1207 2668 1332 2717 tum
1359 2659 1536 2715 etiam
1564 2657 1648 2715 rei
1676 2657 1942 2732 publicae
1969 2656 2291 2715 rationibus

406 2769 604 2835 putem
644 2759 985 2839 conducere.
1072 2757 1345 2833 Apertius
1387 2769 1581 2815 autem
1617 2755 1765 2814 haec
1803 2772 1919 2828 ago
1947 2772 2016 2812 ac
2045 2755 2293 2830 saepiuS,

406 2851 566 2926 quod
620 2861 680 2910 et
734 2849 1009 2922 QuintuS,
1062 2850 1232 2908 frater
1279 2868 1464 2919 meus,
1515 2847 1739 2923 legatus
1787 2858 1875 2904 est
1924 2844 2189 2904 Caesaris
2237 2859 2295 2904 et

406 2949 626 3007 nullum
667 2966 868 3007 meum
908 2948 1216 3006 minimum
1258 2947 1494 3017 dictum,
1532 2962 1656 3004 non
1696 2944 1878 3002 modo
1921 2942 2155 3016 factum,
2183 2962 2294 3020 pro

407 3045 658 3105 Caesare
699 3045 1037 3115 intercessit,
1079 3043 1241 3120 quod
1283 3043 1377 3102 ille
1417 3061 1541 3102 non
1589 3042 1668 3100 ita
1715 3041 1913 3099 illustri
1961 3040 2147 3115 gratia
2193 3058 2295 3099 ex-

409 3145 642 3220 ceperit,
685 3153 751 3202 ut
794 3160 908 3218 ego
956 3159 1091 3200 eum
1140 3140 1282 3200 mihi
1333 3141 1661 3199 devinctum
1714 3149 1997 3215 putarem.
2089 3137 2296 3214 Itaque

408 3244 533 3302 eius
561 3243 723 3302 omni
777 3251 836 3300 et
889 3240 1090 3316 gratia,
1139 3255 1290 3315 quae
1348 3255 1574 3296 summa
1619 3247 1723 3307 est,
1769 3246 1829 3295 et
1871 3235 2098 3312 opibuS,
2149 3253 2296 3311 quas

413 3339 694 3415 intellegis
721 3357 848 3397 esse
877 3338 1180 3408 maximaS,
1211 3337 1293 3395 sic
1321 3335 1481 3394 fruor
1506 3346 1569 3392 ut
1596 3335 1778 3405 meis3
1822 3352 1932 3392 nec
1971 3333 2110 3392 mihi
2138 3334 2297 3393 aliter

413 3437 672 3516 potuisse
735 3436 935 3494 videor
998 3431 1298 3493 hominum
1366 3432 1721 3509 perditorum
1778 3431 1851 3490 de
1905 3448 2000 3490 me
2056 3431 2299 3502 consilia
