2642 3925
291 255 380 318 Ep.
411 267 516 319 102,
545 239 680 324 ¹03.]
725 251 948 303 Emsr.
988 251 1088 300 AD
1128 253 1572 302 FAMJLJARES
1612 253 1742 302 ΧΠ.
1795 241 1893 306 18.
2054 259 2177 322 217

291 418 477 486 putes,
506 407 612 468 sed
653 408 843 479 etiam,
874 408 1036 485 quod
1075 408 1216 467 mihi
1259 427 1412 485 opus
1455 409 1541 481 sit,
1572 427 1668 467 me
1710 427 1747 467 a
1787 419 1845 468 te
1887 415 2082 486 petere
2125 419 2183 470 et

288 525 513 583 rogare.
596 507 1006 566 Gratissimum
1049 507 1219 582 igitur
1259 507 1402 566 mihi
1440 507 1661 576 seceriS,
1694 507 1741 567 si
1770 506 2183 568 Volaterranos

288 605 562 663 omnibus
589 604 762 663 rebus
792 605 1048 680 integros
1066 604 1505 680 incolumesque
1525 622 1656 663 esse
1679 604 1950 664 volueris:
1978 623 2182 666 eorum

289 720 406 777 ego
440 702 747 774 domicilia,
777 703 964 773 sedeS,
1003 720 1144 772 rem,
1173 701 1454 774 fortunaS,
1482 721 1621 778 quae
1653 711 1711 760 et
1752 720 1789 760 a
1826 701 1915 761 dis
1943 703 2181 762 immor-

287 800 497 860 talibus
533 811 591 859 et
627 819 664 859 a
701 800 1203 877 praestantissimis
1239 800 1301 858 in
1339 811 1541 858 nostra
1581 819 1644 858 re
1686 800 1920 876 publica
1961 801 2182 862 civibus

259 915 525 956 summo
579 907 814 958 senatus
869 898 1186 974 populique
1243 897 1501 956 Romani
1558 897 1754 956 studio
1807 909 2181 958 conservatae

289 1006 442 1066 sunt,
489 1005 621 1054 tuae
671 996 803 1054 fidei
850 996 1095 1055 iustitiae
1143 995 1506 1070 bonitatique
1556 995 1927 1053 commendo.
2014 1015 2069 1068 4.
2120 997 2181 1057 Si

287 1111 399 1169 pro
427 1093 576 1152 meis
601 1093 852 1170 pristinis
883 1094 1093 1170 opibus
1121 1092 1452 1152 facultatem
1482 1093 1624 1150 mihi
1652 1110 1746 1151 res
1775 1093 1890 1152 hoc
1917 1102 2179 1171 tempore

287 1191 467 1262 daret,
509 1200 573 1248 ut
627 1192 707 1249 ita
763 1191 1073 1250 defendere
1122 1207 1360 1267 possem
1401 1188 1835 1260 Volaterranos,
1879 1209 2055 1267 quern
2102 1193 2179 1252 ad

286 1288 534 1346 modum
562 1289 836 1347 consuevi
864 1289 1006 1348 tueri
1033 1304 1218 1356 meOS,
1249 1287 1472 1345 nullum
1510 1285 1785 1358 officium,
1817 1289 2038 1347 nullum
2076 1291 2177 1350 de-

286 1384 462 1460 nique
513 1396 823 1457 certamen,
865 1387 926 1445 in
975 1403 1096 1462 quo
1143 1384 1251 1443 illis
1299 1383 1581 1460 prodesse
1622 1402 1880 1460 possem,
1924 1398 2177 1463 praeter-

285 1483 572 1540 mitterem
588 1502 606 1554 ;
636 1484 740 1542 sed
761 1483 1039 1559 quoniam
1063 1482 1219 1558 apud
1248 1492 1304 1541 te
1334 1481 1516 1540 nihilo
1544 1483 1739 1541 minus
1768 1483 1883 1543 hoc
1910 1494 2174 1561 tempore

285 1580 474 1639 valere
529 1599 623 1639 me
679 1580 934 1650 confid0,
978 1597 1156 1656 quam
1203 1579 1481 1638 valuerim
1530 1598 1762 1656 semper
1811 1583 1968 1659 apud
2018 1583 2178 1642 bonos

287 1696 512 1749 omnes,
542 1695 648 1754 pro
683 1687 882 1736 nostra
908 1695 1136 1736 summa
1164 1677 1589 1735 necessitudine
1618 1680 1858 1755 parique
1887 1681 2035 1739 inter
2062 1700 2175 1742 nos

286 1787 346 1835 et
373 1785 574 1834 mutua
602 1775 1001 1835 benevolentia
1034 1775 1138 1833 abs
1176 1784 1232 1833 te
1269 1784 1426 1851 pet0,
1456 1785 1519 1833 ut
1559 1775 1638 1834 ita
1678 1777 1751 1835 de
1782 1776 2175 1840 Volaterranis

286 1892 561 1944 mereare,
617 1882 681 1932 ut
733 1873 1062 1931 existiment
1117 1890 1252 1930 eum
1310 1871 1476 1948 quasi
1532 1872 1729 1931 divino
1786 1875 2029 1934 consilio
2086 1878 2175 1936 isti

285 1972 528 2048 negotio
565 1973 958 2048 praepositum
1000 1979 1157 2041 esse,
1176 1970 1335 2046 apud
1369 1988 1547 2047 quem
1588 1989 1774 2029 unum
1815 1990 1927 2032 nos
1969 1992 2174 2035 eorum

285 2070 549 2151 perpetui
577 2070 910 2130 defensores
937 2070 1246 2146 plurimum
1276 2068 1460 2125 valere
1488 2086 1813 2144 possemus

536 2229 668 2284 103.
751 2224 882 2283 AD
939 2224 1589 2284 FAMILIARES
1651 2225 1787 2287 XII.
1841 2228 1932 2286 18.
2001 2281 2009 2290 .

668 2340 796 2401 Sca.
833 2341 1050 2404 Roma
1087 2358 1194 2399 sun
1233 2358 1417 2399 mum
1456 2359 1624 2402 A.u.c.
1666 2355 1799 2416 709.

683 2464 888 2507 emano
929 2464 973 2505 s.
1001 2461 1058 2505 n.
1087 2463 1415 2505 conmmcro
1456 2464 1778 2506 comnena.

373 2582 424 2623 1.
468 2560 648 2633 Quon
684 2570 1004 2620 extremum
1031 2561 1135 2620 fuit
1162 2562 1222 2619 in
1252 2579 1321 2621 ea
1348 2564 1609 2638 epistola,
1640 2581 1820 2639 quarn
1848 2581 1883 2621 a
1912 2573 1968 2622 te
1996 2583 2171 2642 prox·

282 2663 400 2720 ime
439 2659 656 2734 accepi,
686 2658 762 2717 ad
802 2658 862 2717 id
901 2660 1152 2735 primum
1193 2660 1607 2737 respondeb03
1648 2662 1908 2719 animum
1951 2663 2174 2722 advorti

283 2760 443 2818 enim
491 2759 605 2816 hoc
660 2773 766 2814 vos
819 2774 1068 2832 magnos
1125 2768 1382 2816 oratores
1437 2758 1628 2818 facere
1684 2778 2168 2836 nonnumquam:

283 2855 560 2931 epistolas
587 2854 828 2928 requiris
860 2872 1024 2911 meas
1040 2874 1057 2926 ;
1100 2872 1214 2931 ego
1253 2864 1448 2914 autern
1487 2874 1825 2932 numquam,
1860 2876 1995 2917 cum
2029 2860 2173 2919 mihi

283 2953 686 3013 denuntiatum
727 2962 880 3010 esset
921 2969 956 3009 a
997 2953 1110 3009 tuis
1150 2952 1232 3011 ire
1275 2952 1544 3028 aliquem,
1588 2971 1711 3013 non
1753 2956 1905 3014 dedi.
1991 2956 2173 3029 Quod

281 3050 426 3111 mihi
487 3050 688 3108 videor
751 3068 826 3107 ex
890 3050 1002 3107 tuis
1058 3050 1255 3108 litteris
1310 3050 1643 3127 intellegere
1699 3064 1757 3111 te
1812 3055 1953 3113 nihil
2007 3074 2171 3115 corn-

281 3149 594 3207 missurum
635 3164 761 3205 esse
803 3157 1018 3205 temere
1059 3164 1168 3205 nec
1209 3158 1360 3217 ante,
1403 3167 1581 3225 quam
1624 3151 1849 3223 scisseS,
1892 3172 2013 3229 quo
2063 3155 2170 3213 iste

282 3246 483 3305 nescio
533 3245 632 3320 qui
681 3242 968 3303 Caecilius
1016 3244 1232 3304 Bassus
1279 3256 1623 3322 erumperet,
1668 3250 1978 3327 quicquam
2028 3252 2169 3309 certi

283 3343 746 3411 constituturum,
777 3341 836 3399 id
873 3360 988 3417 ego
1021 3353 1080 3400 et
1109 3361 1399 3419 speraram
1430 3345 1737 3419 prudentia
1763 3357 1862 3405 tua
1889 3346 2065 3404 fretus
2094 3359 2168 3420 et,

281 3451 349 3500 ut
397 3438 772 3510 confiderem,
815 3438 1074 3499 fecerunt
1121 3450 1252 3499 tuae
1308 3441 1668 3517 gratissimae
1722 3443 1863 3501 mihi
1918 3440 2133 3503 litterae
2146 3464 2167 3519 ς
