2642 3925
482 240 530 301 6
1041 252 1118 301 M.
1166 252 1406 299 TULLII
1447 250 1823 300 clcsnoms
2172 236 2308 324 [Pars
2337 254 2376 303 1.

479 407 649 466 cuius
687 407 852 467 modi
896 408 986 478 sit,
1026 408 1165 467 satis
1208 402 1540 484 intellegere
1581 425 1703 467 non
1741 424 2001 483 possum,
2031 406 2138 467 sed
2172 415 2371 466 tamen

482 506 747 583 suspicor
774 506 850 565 ad
876 517 933 565 te
961 525 1089 566 esse
1118 506 1394 577 adlatum,
1416 525 1532 577 me,
1549 506 1610 564 in
1632 516 1836 565 senatu
1858 522 1994 580 cum
2014 506 2370 583 disputarem

482 604 803 679 permultos
858 622 988 663 esse
1041 605 1141 681 qui
1195 620 1321 662 rem
1374 603 1669 681 publicam
1724 620 1761 661 a
1815 621 1912 662 me
1966 614 2369 663 conservatam

483 700 759 773 dolerent,
789 701 1003 760 dixisse
1040 719 1077 759 a
1107 711 1166 760 te
1195 702 1559 778 propinquos
1587 713 1735 771 tuoS,
1766 701 1977 777 quibus
2005 718 2220 776 negare
2247 720 2371 761 non

478 798 787 875 potuisseS‚
816 798 1157 877 impetrasse
1196 807 1261 858 ut
1288 817 1361 858 ea
1396 815 1548 875 quae
1586 799 1884 861 statuisses
1924 799 2029 857 tibi
2063 800 2125 857 in
2163 810 2371 860 senatu

447 896 452 903 '
482 896 557 955 de
582 912 715 955 mea
740 895 911 955 laude
933 914 1067 955 esse
1092 895 1345 955 dicenda
1369 896 1650 955 reticeres.
1695 944 1698 947 .
1725 894 1905 967 Quod
1933 914 2068 955 cum
2096 896 2369 968 dicerem,

480 992 621 1051 illud
648 993 901 1064 adiunxi,
929 994 1074 1052 mihi
1099 1001 1297 1053 tecum
1323 994 1403 1053 ita
1426 993 1795 1071 dispertitum
1822 994 2078 1053 officium
2104 993 2281 1053 fuisse
2308 994 2371 1053 in

478 1091 563 1149 rei
589 1090 853 1171 publicae
891 1090 1074 1150 salute
1109 1091 1429 1163 retinenda,
1456 1101 1523 1151 ut
1559 1109 1674 1167 ego
1711 1093 1916 1151 urbem
1955 1111 1992 1151 a
2033 1092 2370 1152 domesticis

478 1188 704 1246 insidiis
745 1197 802 1246 et
844 1189 919 1246 ab
954 1186 1235 1248 intestino
1277 1188 1511 1259 scelere,
1547 1199 1612 1247 tu
1651 1188 1879 1248 Italiam
1917 1197 1978 1249 et
2016 1190 2094 1248 ab
2134 1191 2370 1249 armatis

477 1285 743 1344 hostibus
772 1295 829 1343 et
856 1287 932 1343 ab
959 1287 1188 1345 occulta
1214 1287 1614 1346 coniuratione
1635 1281 1994 1358 defenderes,
2017 1296 2190 1364 atque
2218 1286 2370 1347 hanc

480 1392 741 1440 nostram
768 1384 910 1440 tanti
948 1393 1009 1441 et
1036 1394 1161 1441 tam
1199 1384 1476 1460 praeclari
1513 1383 1770 1443 muneris
1810 1383 2147 1443 societatem
2182 1401 2219 1443 a
2253 1385 2370 1445 tuis

478 1479 822 1556 propinquis
858 1480 1279 1551 labefactatam,
1308 1481 1426 1558 qui,
1456 1499 1593 1541 cum
1630 1490 1694 1539 tu
1733 1499 1772 1539 a
1809 1499 1906 1540 me
1933 1482 2107 1540 rebus
2135 1482 2370 1559 amplis-

476 1575 641 1635 simis
681 1587 851 1653 atque
895 1578 1492 1638 honorificentissimis
1540 1588 1778 1637 ornatus
1825 1596 2001 1651 esseS‚
2045 1578 2372 1639 timuissent

478 1692 558 1732 ne
593 1693 745 1751 quae
783 1674 927 1733 mihi
970 1662 1107 1752 pars
1142 1677 1249 1737 abs
1286 1686 1344 1735 te
1384 1677 1694 1736 voluntatis
1735 1687 1972 1736 mutuae
2011 1677 2370 1739 tribueretur.

486 1790 534 1829 2.
596 1770 735 1833 Hoc
775 1773 837 1831 in
880 1791 1151 1833 sermone
1194 1792 1330 1833 cum
1370 1793 1408 1832 a
1446 1792 1545 1833 me
1593 1784 1999 1851 exponeretur,
2042 1794 2195 1852 quae
2236 1794 2372 1837 mea

480 1872 838 1946 exspectatio
895 1870 1096 1930 fuisset
1148 1872 1428 1931 orationis
1483 1882 1618 1931 tuae
1672 1882 2010 1948 quantoque
2062 1873 2125 1931 in
2180 1891 2369 1933 errore

476 1978 733 2028 versatus
760 1987 968 2042 essem,
990 1971 1111 2029 visa
1138 1980 1226 2030 est
1252 1971 1438 2029 oratio
1464 1988 1589 2029 non
1617 1970 1946 2042 iniucunda,
1975 1980 2033 2031 et
2059 1971 2369 2032 mediocris

480 2066 719 2140 quidam
766 2075 856 2125 est
899 2067 1048 2126 risus
1094 2077 1456 2138 consecutus,
1499 2085 1623 2126 non
1670 2067 1730 2125 in
1777 2075 1853 2138 te,
1903 2067 2008 2126 sed
2063 2069 2252 2144 magis
2307 2069 2368 2128 in

478 2180 735 2222 errorem
760 2178 959 2222 meum
987 2174 1046 2222 et
1072 2165 1234 2240 quod
1269 2182 1369 2224 me
1405 2166 1512 2224 abs
1543 2175 1601 2223 te
1640 2165 1870 2242 cupisse
1907 2165 2128 2224 laudari
2171 2177 2369 2244 aperte
2424 2202 2429 2209 ·

300 2277 309 2287 ¹
380 2288 391 2300 ›
480 2269 653 2337 atque
679 2259 931 2334 ingenue
960 2262 1296 2320 confitebar.
1380 2262 1508 2320 Iam
1536 2262 1650 2321 hoc
1676 2280 1800 2321 non
1825 2271 2021 2338 potest
2051 2263 2113 2322 in
2149 2274 2207 2324 te
2244 2282 2367 2324 non

274 2942 309 2973 X

478 2357 795 2417 honorifice
821 2375 951 2417 esse
988 2358 1222 2429 dictum,
1251 2376 1350 2426 me
1383 2359 1445 2417 in
1483 2359 1811 2418 clarissimis
1845 2361 1991 2420 meis
2029 2371 2202 2439 atque
2243 2381 2368 2422 am·

477 2454 749 2530 plissimis
774 2456 947 2513 rebus
976 2464 1172 2533 tamen
1202 2455 1442 2532 aliquod
1481 2457 1879 2516 testimonium
1916 2468 2050 2518 tuae
2076 2461 2238 2520 vocis
2264 2461 2369 2522 ha-

478 2554 616 2610 bere
636 2550 904 2610 voluisse.
972 2571 1026 2626 3.
1068 2551 1249 2625 Quod
1270 2565 1466 2612 autem
1489 2555 1568 2611 ita
1587 2553 1809 2626 scribis,
1835 2561 1850 2586 ‘
1866 2572 1975 2631 pro
1996 2566 2200 2617 mutuo
2222 2559 2371 2620 inter

478 2667 591 2709 nos
630 2648 863 2722 animo,’
904 2649 1047 2727 quid
1081 2660 1145 2709 tu
1184 2652 1482 2711 existimes
1521 2670 1651 2711 esse
1689 2652 1752 2710 in
1791 2653 2041 2712 amicitia
2080 2667 2367 2731 mutuum,

478 2748 714 2821 nescio;
757 2749 1029 2826 equidem
1058 2747 1173 2809 hoc
1202 2750 1462 2821 arbitror,
1490 2767 1626 2810 cum
1652 2769 1760 2827 par
1785 2752 2049 2812 voluntas
2089 2756 2369 2832 accipitur

478 2838 549 2905 et'
574 2845 846 2906 redditur.
926 2845 1061 2922 Ego
1103 2847 1153 2905 si
1191 2845 1309 2907 hoc
1356 2847 1566 2918 dicam,
1606 2866 1705 2907 me
1750 2858 1852 2907 tua
1895 2867 2073 2911 causa
2119 2864 2369 2928 praeter·

477 2944 708 3002 misisse
758 2944 1158 3021 provinciam,¹
1186 2943 1288 3003 tibi
1343 2945 1470 3021 ipse
1518 2944 1697 3004 levior
1743 2946 1940 3006 videar
1986 2967 2151 3022 esse3
2199 2967 2368 3010 meae

295 3028 348 3061 ’Χ
363 3065 417 3098 x
479 3041 637 3119 enim
663 3041 1032 3124 1·ᾳροέθέρἰζέ
1049 3042 1300 3102 tulerunt
1328 3053 1502 3120 atque
1530 3044 1654 3104 eius
1680 3046 1796 3103 mei
1824 3046 2047 3104 consilii
2084 3035 2368 3107 maiorem

479 3139 541 3196 in
568 3137 693 3197 dies
719 3138 979 3214 singulos
1006 3139 1257 3200 fructum
1282 3139 1757 3218 voluptatemque
1789 3143 1998 3220 capio:
2041 3143 2181 3204 illud
2213 3144 2366 3218 dico,

476 3254 591 3307 me,
611 3245 676 3294 ut
701 3235 953 3313 primum
983 3237 1042 3296 in
1064 3239 1338 3298 contione
1359 3240 1720 3316 provinciam
1739 3241 2129 3324 deposuerim,
2152 3244 2364 3316 statim,

478 3350 675 3408 quem,
698 3334 1062 3394 admodum
1109 3353 1241 3394 eam
1282 3337 1387 3395 tibi
1433 3337 1737 3412 traderem,
1778 3341 2038 3417 cogitare
2078 3341 2363 3418 coepisse.

480 3428 640 3488 Nihil
667 3429 802 3490 dico
834 3431 909 3492 de
938 3433 1234 3492 sortitione
1262 3443 1485 3494 vestra:
1527 3445 1753 3496 tantum
1791 3445 1849 3496 te
1886 3437 2167 3515 suspicari
2207 3439 2359 3514 volo,
