2642 3925
322 281 412 343 Ep.
450 260 557 351 μ]
766 276 994 328 EPIST.
1040 276 1141 326 AD
1182 277 1519 327 ATTIOUM*
1550 261 1627 327 xj
1654 263 1713 328 8.
2089 268 2209 349 169

318 435 544 493 tionem
571 442 693 492 tam
731 434 850 493 cito
890 433 1162 506 amiserit,
1189 433 1652 494 mansuetudinis
1689 432 1751 493 in
1780 433 2038 506 Metello,
2069 434 2211 495 divi-

314 534 526 613 tiarum
582 532 642 590 in
696 533 934 592 aerario.
1016 533 1164 603 Iam,
1220 533 1435 609 quibus
1493 543 1685 591 utatur
1736 534 1826 591 vel
1891 535 2065 593 sociis
2121 534 2212 592 vel

315 631 614 702 ministris,
669 630 718 688 si
772 630 809 687 ii
865 631 1211 706 provinciaS‚
1261 632 1310 690 si
1366 631 1405 689 ii
1458 650 1583 690 rem
1639 631 1931 707 publicam
1984 640 2210 708 regent,

317 746 570 804 quorum
628 745 804 787 nemo
861 728 978 787 duo
1032 746 1268 788 menses
1321 729 1511 805 potuit
1565 730 1979 807 patrimonium
2037 735 2211 789 suum

312 827 685 901 gubernare?
770 839 824 900 7.
869 826 1012 885 Non
1041 836 1177 886 sunt
1202 826 1404 885 omnia
1431 827 1776 903 colligenda,
1804 845 1954 905 quae
1981 836 2045 885 tu
2072 845 2210 886 acu-

317 926 540 982 tissime
582 924 880 1001 perspiciS,
923 923 1028 982 sed
1069 934 1265 983 tamen
1306 942 1381 983 ea
1420 942 1579 1001 pone
1613 903 1761 984 'ante
1806 924 2049 984 oculos:
2090 925 2207 982 iam

314 1022 618 1097 intelleges
654 1021 713 1080 id
750 1039 996 1098 regnum
1033 1022 1128 1080 vix
1167 1033 1443 1081 semestre
1485 1040 1615 1081 esse
1656 1040 1850 1099 posse.
1934 1021 2115 1095 Quod
2157 1022 2207 1080 si

314 1138 411 1178 me
451 1119 724 1192 fefellerit,
768 1120 968 1190 feram,
998 1120 1148 1178 sicut
1184 1120 1350 1178 multi
1392 1119 1694 1179 clarissimi
1734 1121 2005 1179 homines
2041 1121 2104 1178 in
2140 1138 2206 1180 re

315 1217 551 1295 publiea
605 1217 956 1276 excellentes
1011 1217 1280 1289 tulerunt,
1326 1217 1438 1276 nisi
1486 1217 1636 1277 forte
1684 1236 1782 1276 me
1828 1218 2207 1295 Sardanapali

315 1315 502 1373 vicem
531 1310 618 1395 [in
647 1333 758 1373 suo
795 1310 1029 1394 lectulo]
1062 1314 1210 1372 mori
1245 1314 1418 1373 malle
1456 1316 1750 1375 censueris
1788 1334 1965 1392 quam
2003 1316 2206 1375 exsilio

317 1410 773 1482 Themistocle0‚
803 1413 904 1489 qui
931 1432 1068 1471 eum
1095 1411 1314 1482 fuisset,
1343 1421 1408 1470 ut
1446 1413 1524 1471 ait
1554 1412 1951 1489 ThucydideS,
1978 1420 2081 1471 τῶν
2113 1417 2208 1487 μὲν

315 1515 582 1583 παρόντων
618 1513 680 1566 δι’
723 1513 1008 1584 ἐλαχίστης
1044 1514 1242 1581 βουλῆς
1280 1512 1551 1585 κράτιστος
1590 1516 1817 1584 γνώμων,
1847 1517 1948 1568 τῶν
1986 1513 2044 1568 δὲ
2083 1515 2234 1582 μελ--

315 1610 518 1663 λόντων
559 1610 611 1666 ἐς
649 1611 900 1665 πλεῖστον
941 1612 1033 1663 τοῦ
1070 1607 1418 1681 γενησομένω
1457 1610 1672 1682 ἄριστος
1711 1608 1965 1681 etnam-⁷¹12,
2006 1617 2206 1667 tamen

315 1705 517 1763 incidit
549 1705 610 1763 in
642 1723 747 1764 eos
780 1723 971 1777 casuS,
1002 1723 1152 1782 quos
1177 1706 1429 1778 vitasset,
1457 1707 1505 1764 si
1539 1724 1676 1764 eum
1713 1707 1855 1764 nihil
1896 1706 2207 1766 fefellisset,

313 1801 442 1861 Etsi
481 1804 531 1861 is
567 1813 706 1874 erat,
735 1812 798 1861 ut
834 1804 911 1862 ait
944 1804 1118 1874 idem,
1148 1803 1249 1880 qui
1287 1806 1349 1860 τὸ
1382 1805 1588 1886 ἄμεινον
1623 1807 1704 1860 καὶ
1739 1808 1801 1860 τὸ
1832 1809 2010 1877 χεῖρον
2051 1807 2105 1860 ἐν
2131 1810 2206 1881 τῷ

313 1903 508 1976 ἀφανεῖ
545 1904 621 1957 ἔτι
658 1905 789 1976 ἐώρα
823 1905 1069 1972 μάλιστα,
1107 1912 1305 1960 tamen
1348 1897 1471 1960 non
1507 1901 1663 1973 vidit,
1706 1920 1817 1960 nec
1857 1918 1977 1979 quo
2019 1901 2203 1960 modo

313 1999 917 2059 Lacedaemoniorum
969 2018 1080 2059 nec
1123 2018 1243 2078 quo
1287 1999 1471 2058 modo
1514 2018 1753 2059 suorum
1799 2000 2012 2058 civium
2061 1999 2204 2058 invi*-

316 2098 473 2157 diam
530 2098 812 2173 effugeret
872 2116 984 2156 nec
1039 2098 1177 2175 quid
1232 2098 1540 2156 Artaxerxi
1594 2097 1971 2173 polliceretur.
2060 2096 2201 2158 Non

313 2194 516 2254 fuisset
557 2195 655 2254 illa
695 2214 817 2254 nox
858 2204 980 2254 tam
1021 2196 1233 2255 acerba
1268 2195 1567 2267 Africano,
1603 2195 2032 2272 sapientissimo
2057 2196 2203 2269 viro,

311 2310 437 2351 non
491 2303 611 2352 tam
668 2293 826 2352 dirus
881 2292 976 2351 ille
1034 2293 1158 2352 dies
1216 2292 1486 2352 Sullanus
1541 2294 1914 2352 callidissimo
1957 2295 2081 2353 viro
2131 2295 2198 2354 C.

312 2389 525 2460 Mari0,
564 2390 613 2450 si
655 2390 796 2448 nihil
838 2398 1149 2466 utrumque
1189 2408 1395 2449 eorum
1440 2391 1746 2451 fefellisset.
1830 2391 1961 2451 Nos
2003 2402 2203 2452 tamen

311 2488 427 2547 hoc
455 2487 872 2546 confirmamus
901 2488 999 2546 illo
1034 2489 1295 2563 augurio,
1326 2507 1447 2565 quo
1483 2489 1753 2560 diximuS‚
1783 2508 1895 2549 nec
1924 2508 2035 2549 nos
2062 2489 2204 2549 fallit

311 2604 423 2644 nec
465 2585 628 2643 aliter
669 2585 928 2644 accidet:
994 2587 1049 2643 8.
1109 2596 1342 2645 corruat
1381 2586 1489 2645 iste
1534 2605 1774 2648 neeesse
1820 2597 1909 2646 est
1956 2597 2055 2646 aut
2098 2606 2204 2664 per

311 2683 674 2742 adversarios
708 2693 807 2741 aut
834 2684 959 2760 ipse
996 2702 1102 2760 per
1142 2701 1223 2756 se,
1251 2684 1352 2760 qui
1380 2684 1620 2762 quidem
1662 2685 1771 2743 sibi
1808 2694 1897 2744 est
1933 2685 2202 2744 adversa·

308 2783 428 2840 rius
461 2799 612 2839 unus
646 2782 958 2840 acerrimus
983 2802 1003 2856 3
1051 2782 1113 2841 id
1150 2800 1323 2858 spero
1360 2783 1501 2842 vivis
1541 2784 1713 2841 nobis
1751 2782 1893 2841 sore.
1975 2782 2202 2855 Quam-

309 2896 489 2956 quam
529 2890 760 2956 tempus
795 2888 884 2938 est
926 2897 1037 2939 nos
1075 2879 1148 2939 de
1181 2880 1278 2938 illa
1318 2892 1599 2958 perpetua
1639 2880 1772 2950 iam,
1809 2897 1932 2939 non
1970 2880 2045 2940 de
2086 2880 2200 2940 hac

305 2959 522 3053 'exigua
557 2977 674 3035 vita
713 2979 986 3052 cogitare.
1070 2978 1173 3036 Sin
1216 2978 1359 3054 quid
1400 2978 1672 3037 acciderit
1713 2968 2013 3050 maturius,
2042 2978 2199 3037 haud

309 3092 450 3133 sane
491 3092 626 3133 mea
666 3074 911 3132 multum
937 3075 1289 3147 interfuerit,
1332 3085 1525 3135 utrum
1569 3075 1788 3135 factum
1828 3075 2074 3148 videam,
2117 3095 2195 3135 an

310 3171 564 3230 futurum
593 3190 723 3230 esse
751 3172 932 3231 multo
962 3183 1096 3231 ante
1116 3173 1372 3232 viderim.
1451 3173 1620 3246 Quae
1649 3192 1782 3232 curn
1813 3175 1891 3233 ita
1918 3175 2049 3245 sint,
2069 3192 2194 3234 non

311 3278 400 3328 est
437 3269 939 3340 committendum,
966 3279 1032 3328 ut
1067 3271 1135 3329 iis
1169 3289 1424 3347 paream,
1455 3288 1604 3348 quos
1646 3281 1849 3330 contra
1889 3290 1986 3331 me
2024 3291 2192 3332 sena-

311 3378 421 3437 ωε,
453 3385 528 3424 ne
557 3366 699 3442 quid
726 3357 818 3425 res
847 3368 1079 3443 publica
1106 3368 1433 3427 detrimenti
1463 3370 1765 3445 acciperet,
1794 3369 2049 3428 armavit.
2134 3389 2189 3446 9.

311 3463 449 3522 Tibi
505 3473 641 3522 sunt
701 3464 902 3522 omnia
968 3465 1396 3538 commendata,
1453 3483 1603 3543 quae
1668 3467 2193 3531 commendationis
