2642 3925
734 79 771 103 Δ

334 260 430 329 sp.
464 244 579 331 29.]
758 258 987 311 EPIST.
1031 259 1131 308 AD
1172 258 1623 313 FAMILIARES
1661 261 1713 310 ι.
1761 266 1823 332 9.
2149 260 2230 329 77

335 426 473 491 rum
504 416 701 468 motus
738 416 826 469 est
868 408 1051 472 factus
1092 428 1227 471 cum
1266 430 1490 484 eorum,
1517 428 1770 488 quorum
1810 410 2079 487 oportuit,
2107 421 2234 469 tum

338 507 571 567 illorum
596 507 791 578 etiam,
820 525 1072 584 quorum
1109 523 1432 587 numquam
1458 518 1744 585 putaram.
1761 500 1884 586 )9.
1931 506 2091 567 Nam
2118 507 2234 567 hoc

338 615 580 665 senatus
622 604 892 663 consulto
936 606 998 664 in
1044 624 1239 665 meam
1294 607 1643 666 sententiam
1696 605 1852 665 facto
1895 604 2231 682 PompeiuS,

344 719 481 763 cum
507 700 649 759 mihi
678 701 820 759 nihil
847 702 1195 763 ostendisset
1222 722 1287 764 se
1312 722 1446 765 esse
1473 704 1784 776 offensum,
1812 703 1873 762 in
1903 702 2234 763 Sardiniam

340 811 400 860 et
455 802 518 860 in
569 800 829 860 Africam
882 801 1177 880 profectus
1234 812 1324 863 est
1377 807 1569 881 eoque
1622 804 1823 862 itinere
1878 801 2102 861 Lucam
2157 800 2235 861 ad

337 898 659 961 ‚Caesarem
685 900 861 984 venit.
944 900 1037 959 Ibi
1074 900 1256 960 multa
1282 901 1359 960 de
1393 919 1530 960 mea
1565 901 1852 961 sententia
1879 909 2118 977 questus
2143 908 2235 959 est

338 994 579 1069 Caesar,
608 996 825 1073 quippe
854 996 953 1074 qui
981 998 1159 1056 etiam
1186 997 1505 1058 Ravennae
1533 996 1810 1059 Crassum
1837 1008 1974 1057 ante
1997 997 2234 1057 vidisset

342 1096 418 1168 ab
445 1113 636 1173 eoque
662 1095 724 1153 in
751 1113 849 1153 me
877 1105 1029 1155 esset
1055 1096 1345 1156 incensus.
1433 1096 1587 1156 Sane
1614 1096 1857 1155 moleste
1883 1095 2231 1171 Pompeium

342 1191 403 1251 id
456 1191 603 1252 serre
649 1193 986 1265 constabat;
1050 1192 1210 1270 quod
1252 1210 1390 1269 eg0,
1441 1211 1578 1253 cum
1624 1193 1918 1252 audissem
1962 1210 2039 1251 ex
2087 1191 2228 1263 aliis,

342 1291 597 1363 maxime
624 1308 699 1349 ex
720 1307 873 1359 ,meo
912 1288 1082 1349 fratre
1118 1292 1390 1367 cognovi.
1473 1289 1672 1364 Quem
1700 1308 1836 1351 cum
1874 1290 1938 1349 in
1969 1288 2234 1349 Sardinia

342 1386 659 1465 ¹Pompeius
706 1387 911 1464 paucis
960 1396 1095 1465 post
1140 1387 1362 1461 diebus,
1420 1406 1598 1466 quam
1652 1388 1819 1473 Luca
1873 1388 2232 1458 discesserat,

342 1486 728 1558 convenisset,
756 1489 774 1517 ‘
794 1495 853 1545 te
868 1483 885 1510 ’
912 1484 1102 1563 inquit
1140 1486 1368 1564 ‘ipsum
1409 1487 1622 1563 cupio;
1664 1486 1805 1545 nihil
1846 1484 2234 1562 opportunius

342 1584 530 1659 potuit
566 1583 862 1643 accidere:
901 1583 1013 1643 nisi
1055 1602 1189 1643 cum
1231 1583 1441 1644 Marco
1475 1584 1647 1644 fratre
1681 1584 1985 1660 diligenter
2026 1582 2231 1658 egeriS,

344 1680 797 1758 dependendum
850 1682 951 1740 tibi
1007 1692 1111 1753 est,
1154 1682 1317 1759 quod
1358 1682 1500 1741 mihi
1539 1700 1650 1759 pro
1687 1681 1786 1741 illo
1825 1678 2231 1757 spopondisti!

344 1777 506 1852 Quid
532 1777 753 1838 multa?
793 1788 1032 1855 questus
1059 1788 1148 1839 est
1163 1807 1167 1811 ¹
1183 1781 1461 1856 graviter3
1505 1797 1612 1839 sua
1643 1779 1846 1838 merita
1872 1776 2252 1836 commemo-‘

342 1877 517 1950 ravit3
561 1876 703 1953 quid
739 1876 952 1953 egisset
990 1877 1433 1954 saepissime‚de
1469 1878 1614 1936 actis
1645 1876 1910 1937 Caesaris
1939 1893 2074 1933 cum
2101 1876 2233 1952 ipso

340 1993 480 2036 meo
506 1973 679 2034 fratre
705 1975 964 2053 quidque
992 1975 1103 2034 sibi
1128 1975 1178 2038 is
1208 1975 1282 2035 de
1309 1993 1407 2034 me
1433 1975 1765 2051 recepisset,
1792 1974 1855 2032 in
1890 1973 2234 2032 memoriam

340 2073 568 2149 redegit
594 2090 789 2151 seque,
817 2089 969 2149 quae
1003 2072 1076 2131 de
1115 2091 1247 2158 mea
1284 2073 1467 2131 salute
1505 2073 1736 2150 egisset,
1761 2072 2055 2132 voluntate
2085 2071 2233 2132 Cae-

340 2171 487 2230 saris
514 2170 706 2246 egisse
732 2170 926 2247 ipsum
952 2188 1152 2230 meum
1189 2169 1424 2231 fratrem
1451 2177 1694 2229 testatus
1732 2177 1858 2242 est3
1904 2169 2067 2229 cuius
2095 2188 2232 2229 cau·-

343 2286 471 2328 sam
500 2269 957 2346 dignitatemque
994 2268 1138 2327 mihi
1175 2278 1241 2328 ut
1276 2268 1737 2340 commendaret,
1765 2269 1989 2346 rogavit
2014 2277 2079 2328 ut
2101 2287 2234 2328 eam

344 2385 423 2426 ne
465 2385 888 2445 oppugnarem,
930 2367 979 2427 si
1028 2367 1245 2428 nollem
1282 2376 1388 2427 aut
1433 2386 1558 2428 non
1599 2386 1843 2446 possem
1890 2369 2052 2428 tueri.
2143 2388 2233 2428 10.

344 2465 517 2534 Haec
554 2484 691 2525 cum
731 2465 807 2525 ad
848 2484 945 2526 me
983 2465 1157 2526 frater
1197 2467 1525 2545 pertulisset
1559 2476 1621 2527 et
1659 2485 1795 2526 cum
1836 2477 2032 2526 tamen
2059 2465 2234 2526 Pom-

340 2565 511 2642 peius
546 2563 623 2623 ad
665 2582 764 2622 me
812 2582 946 2623 cum
987 2564 1275 2624 mandatis
1314 2565 1634 2624 Vibullium
1671 2567 1941 2638 misisset,
1983 2575 2048 2624 ut
2086 2567 2235 2626 inte-

343 2680 514 2739 grum
533 2661 678 2719 mihi
698 2659 772 2722 de
793 2679 969 2721 causa
986 2645 1294 2738 Campana
1316 2661 1394 2722 ad
1411 2681 1581 2722 suum
1597 2663 1847 2722 reditum
1865 2681 2232 2733 reservarem,

344 2760 553 2837 collegi
593 2760 719 2837 ipse
758 2777 855 2819 me
896 2770 951 2818 et
994 2778 1129 2819 cum
1165 2761 1295 2838 ipsa
1337 2763 1502 2838 quasi
1543 2779 1608 2820 re
1644 2761 1878 2838 publica
1913 2760 2235 2821 collocutus

346 2877 496 2931 sum,
522 2868 589 2918 ut
623 2857 765 2917 mihi
801 2868 923 2917 tam
958 2858 1141 2917 multa
1177 2877 1286 2936 pro
1329 2878 1393 2919 se
1421 2877 1702 2937 perpesso
1729 2869 1901 2936 atque
1927 2859 2235 2937 perfuncto

342 2956 713 3036 concederet,
768 2964 833 3015 ut
892 2955 1149 3016 officium
1206 2976 1408 3016 meum
1453 2974 1898 3035 memoremque
1961 2958 2024 3017 in
2080 2957 2235 3018 bene

342 3056 585 3116 meritos
626 3055 888 3114 animum
936 3054 1228 3132 fidemque
1269 3056 1458 3115 fratris
1499 3055 1616 3113 mei
1657 3063 2031 3133 praestarem,
2072 3075 2236 3116 eum-

345 3172 481 3231 que,
510 3171 688 3231 quem
720 3155 945 3212 bonum
972 3154 1156 3212 civem
1184 3172 1414 3230 semper
1449 3153 1762 3226 habuisset,
1789 3155 2014 3214 bonum
2047 3154 2236 3214 virum

348 3268 477 3312 esse
506 3260 812 3328 pateretur.
896 3250 971 3310 In
1007 3250 1118 3310 illis
1150 3262 1344 3310 autem
1381 3253 1528 3311 meis
1556 3252 1880 3312 actionibus
1905 3251 2235 3312 sententiis-

346 3365 465 3426 que
533 3350 828 3421 omnibus,
887 3365 1038 3427 quae
1096 3347 1446 3426 Pompeium
1513 3350 1852 3409 videbantur
1916 3347 2232 3420 offendere,

348 3456 643 3514 eertomm
667 3445 1009 3522 hominum,
1038 3464 1188 3526 quos
1228 3447 1349 3510 iam
1390 3445 1569 3508 debes
1611 3446 1902 3526 suspicari,
1932 3463 2232 3508 sermones
