2642 3925
431 249 516 319 54
991 247 1068 298 M.
1113 247 1356 295 TULLII
1396 246 1600 296 creme
1608 245 1772 295 oms
2083 227 2233 320 [rm.
2257 247 2320 295 11.

431 415 635 465 senatu
673 404 1071 464 auctoritatem
1108 414 1165 462 et
1206 403 1364 479 apud
1404 404 1558 462 viros
1600 404 1790 462 bonos
1831 402 2073 479 gratiam
2113 402 2321 477 magiS,

432 520 608 579 quam
648 512 1004 579 optaramuS,
1034 501 1333 560 consecuti
1362 518 1596 572 sumus;
1640 501 1701 557 in
1729 518 1791 558 re
1820 510 2014 559 autem
2042 498 2320 570 familiari,

433 618 583 678 quae
622 617 799 676 quem
839 598 917 657 ad
932 646 938 653 .
955 598 1202 656 modum
1243 597 1441 668 fracta,
1481 597 1772 673 dissipata,
1809 598 2031 673 direpta
2071 598 2160 666 sit,
2199 613 2322 654 non

433 699 684 773 ignoras,
713 695 879 754 valde
914 695 1247 753 laboramus
1284 704 1627 771 tuarumque
1665 712 1790 753 non
1816 704 1937 753 tam
1967 694 2324 762 facultatum,

434 813 579 872 quas
609 812 724 870 ego
753 804 982 851 nostras
1018 810 1146 851 esse
1180 792 1393 861 iudico,
1424 810 1604 868 quam
1640 792 2015 870 consiliorum
2053 791 2128 850 ad
2164 790 2323 849 colli·

433 890 657 969 gendas
685 899 744 950 et
777 889 1214 948 constituendas
1252 888 1522 964 reliquias
1565 899 1793 948 nostras
1835 889 2181 965 indigemus.
2268 906 2325 959 4.

375 1024 382 1030 ·
433 988 628 1058 Nunc,
658 988 765 1046 etsi
793 988 993 1050 omnia
1020 998 1118 1044 aut
1145 987 1359 1063 scripta
1386 1004 1515 1045 esse
1543 1004 1580 1044 a
1605 987 1718 1044 tuis
1747 986 1990 1045 arbitror
2017 996 2117 1044 aut
2148 987 2326 1044 etiam

434 1088 652 1147 nuntiis
674 1104 744 1145 ac
765 1102 1000 1144 rumore
1022 1084 1261 1161 perlata,
1281 1095 1478 1143 tamen
1507 1102 1579 1143 ea
1605 1085 1857 1143 scribam
1883 1085 2059 1155 brevi,
2084 1103 2235 1164 quae
2262 1093 2322 1143 te

434 1193 579 1260 puto
624 1183 995 1260 potissimum
1036 1200 1109 1240 ex
1151 1183 1299 1240 meis
1340 1182 1541 1242 litteris
1581 1181 1726 1241 velle
1768 1199 2144 1258 cognoscere.
2230 1182 2323 1240 Pr.

436 1278 646 1337 Nonas
669 1276 912 1336 Sextiles
931 1274 1294 1352 Dyrrhachio
1318 1294 1451 1334 sum
1470 1274 1785 1352 profectus,
1803 1277 1935 1352 ipso
1957 1276 2057 1334 illo
2081 1276 2191 1346 die,
2205 1292 2327 1352 quo

436 1376 530 1435 lex
559 1384 647 1434 est
670 1374 786 1432 lata
813 1373 888 1432 de
914 1373 1118 1440 nobis;
1163 1371 1537 1431 Brundisium
1572 1373 1706 1430 veni
1744 1372 1937 1432 Nonis
1978 1372 2326 1432 Sextilibus:

438 1474 519 1530 ibi
546 1472 690 1530 mihi
719 1470 973 1530 Tulliola
999 1489 1132 1529 mea
1159 1469 1264 1550 fuit
1292 1480 1527 1546 praesto
1555 1469 1728 1528 natali
1767 1488 1875 1529 suo
1913 1471 2044 1546 ipso
2086 1470 2196 1542 die,
2227 1472 2330 1547 qui

440 1587 578 1628 casu
620 1568 776 1626 idem
817 1568 1024 1626 natalis
1064 1576 1186 1626 erat
1233 1576 1292 1626 et
1337 1566 1722 1625 Brundisinae
1769 1567 2037 1626 coloniae
2087 1579 2146 1626 et
2193 1579 2330 1628 tuae

439 1666 666 1725 vicinae
732 1664 981 1737 Salutis;
1051 1681 1202 1740 quae
1257 1682 1353 1723 res
1408 1664 1812 1724 animadversa
1864 1684 1903 1723 a
1958 1666 2332 1726 multitudine

441 1781 672 1822 summa
707 1761 1189 1821 Brundisinorum
1225 1760 1610 1837 gratulatione
1652 1762 1940 1820 celebrata
1981 1772 2087 1821 est.
2174 1764 2333 1822 Ante

441 1859 597 1918 diem
642 1877 720 1918 vr.
759 1859 901 1918 Idus
944 1859 1190 1918 Sextiles
1236 1858 1509 1935 cognovi,
1542 1852 1704 1937 [cum
1748 1858 2041 1917 Brundisii
2090 1856 2331 1940 essem‚]

443 1956 641 2019 litteris
700 1954 926 2030 Quinti,
982 1958 1228 2017 mirifico
1286 1955 1480 2016 studio
1534 1955 1799 2014 omnium
1854 1967 2110 2016 aetatum
2158 1969 2337 2035 atque

444 2055 732 2124 ordinum,
761 2055 1080 2113 incredibili
1117 2072 1407 2114 concursu
1443 2054 1643 2112 Italiae
1678 2053 1870 2131 legem
1907 2055 2157 2115 comitiis
2195 2076 2338 2116 cen-

447 2152 668 2211 turiatis
713 2169 840 2211 esse
884 2153 1201 2230 perlatam:
1250 2152 1390 2211 inde
1431 2170 1468 2209 a
1507 2150 1871 2210 Brundisinis
1910 2151 2341 2215 honestissimis

448 2258 686 2308 ornatus
713 2249 821 2307 iter
847 2249 927 2307 ita
960 2248 1092 2320 feci,
1118 2259 1183 2308 ut
1215 2249 1476 2324 undique
1514 2248 1593 2307 ad
1637 2265 1732 2305 me
1776 2266 1909 2308 cum
1950 2251 2340 2325 gratulatione

447 2344 622 2420 legati
652 2334 1046 2405 convenerint.
1129 2359 1181 2419 5.
1223 2345 1330 2405 Ad
1353 2347 1557 2403 urbem
1583 2345 1663 2404 ita
1687 2346 1836 2416 veni,
1857 2356 1924 2405 ut
1949 2366 2128 2407 nemo
2165 2350 2341 2411 ullius

447 2441 670 2500 ordinis
696 2441 879 2501 homo
907 2442 1331 2501 nomenclatori
1358 2452 1533 2500 notus
1571 2440 1758 2512 fuerit,
1784 2444 1885 2516 qui
1922 2444 2065 2502 mihi
2103 2447 2342 2507 obviam

448 2556 572 2597 non
618 2539 856 2609 venerit,
899 2548 1129 2616 praeter
1176 2557 1281 2598 eos
1328 2540 1613 2610 inimicoS,
1652 2540 1862 2616 quibus
1909 2541 1969 2599 id
2010 2542 2205 2619 ipsum
2249 2542 2343 2625 [se

450 2636 721 2696 inimicos
768 2632 926 2716 esse]
978 2653 1100 2694 non
1148 2636 1346 2697 liceret
1393 2649 1492 2696 aut
1538 2637 1897 2697 dissimulare
1950 2649 2052 2697 aut
2104 2660 2342 2718 negare.

443 2733 607 2794 -Cum
648 2735 939 2793 venissem
982 2733 1059 2793 ad
1099 2744 1331 2811 portam
1374 2734 1695 2811 Capenam,
1732 2736 1950 2812 gradus
1987 2739 2343 2819 templorum

450 2833 526 2891 ab
554 2833 759 2891 infima
782 2832 956 2908 plebe
984 2832 1261 2909 completi
1287 2843 1470 2903 erant,
1491 2850 1529 2890 a
1550 2849 1665 2907 qua
1685 2833 1892 2906 plausu
1917 2835 2175 2894 maximo
2204 2855 2346 2897 cum

450 2940 604 2988 esset
647 2928 788 2987 mihi
832 2928 1140 3006 gratulatio
1191 2929 1529 3004 significata,
1570 2930 1769 2989 similis
1816 2942 1875 2989 et
1922 2931 2244 3009 frequentia
2283 2947 2348 2996 et

452 3025 692 3101 plausus
719 3042 816 3083 me
844 3042 1029 3101 usque
1057 3025 1135 3083 ad
1173 3022 1528 3100 Capitolium
1561 3025 1876 3098 celebravit,
1904 3029 1966 3086 in
2002 3027 2249 3105 foroque
2286 3042 2352 3091 et

452 3124 515 3180 in
557 3122 687 3198 ipso
737 3119 1031 3196 Capitolio
1078 3122 1346 3180 miranda
1396 3122 1704 3182 multitudo
1751 3123 1872 3183 fuit.
1955 3124 2237 3185 Postridie
2284 3128 2352 3187 in

456 3230 678 3289 senatu,
748 3218 810 3276 ui
837 3216 944 3275 fuit
986 3219 1110 3277 dies
1149 3218 1458 3278 Nonarum
1504 3219 1841 3295 Septembr.,
1872 3224 2093 3280 senatui
2130 3225 2355 3299 gratias

456 3315 699 3389 egimuS.
763 3316 822 3373 6.
855 3313 947 3372 Eo
969 3314 1148 3374 biduo
1170 3334 1305 3374 cum
1329 3326 1479 3375 esset
1502 3334 1770 3376 annonae
1799 3336 2026 3376 summa
2054 3321 2264 3379 caritas
2292 3333 2359 3382 et

461 3409 730 3472 homines
757 3411 836 3471 ad
863 3411 1150 3470 theatrum
1186 3413 1399 3489 prim0,
1430 3413 1642 3473 deinde
1683 3415 1761 3475 ad
1798 3429 2065 3477 senatum
2100 3433 2359 3477 concur-
