2642 3925
491 266 525 310 2
533 265 618 330 30
1051 259 1131 313 M.
1181 259 1425 312 TULLII
1465 261 1671 314 clem
1680 263 1845 310 oms
2143 248 2303 331 [rm
2319 265 2381 316 V.

486 415 627 473 mihi
655 415 887 492 saepius
916 425 1004 475 est
1046 419 1064 447 ‘
1080 415 1232 476 Cato
1264 417 1455 476 maior
1471 416 1487 440 ⁹
1530 415 1606 476 ad
1644 426 1702 476 te
1738 418 1988 489 missus;
2033 418 2381 477 amariorem

484 514 643 571 enim
685 532 781 572 me
823 523 1092 573 senectus
1130 514 1283 574 facit.
1371 514 1721 574 Stomachor
1767 517 1985 575 omnia.
2071 515 2187 574 Sed
2237 516 2381 574 mihi

485 611 725 688 quidem
749 614 1021 680 βεβίωται.
1106 611 1377 672 Viderint
1404 614 1660 673 iuvenes·
1744 615 1841 673 Tu
1871 632 2004 672 mea
2041 615 2289 684 curabiS,
2317 625 2382 673 ut

488 728 673 769 curas.
760 730 815 783 4.
880 710 1050 770 Haec
1105 710 1313 788 scripsi
1370 730 1473 770 seu
1530 712 1740 771 dictavi
1795 712 2066 788 apposita
2121 712 2383 771 secunda

488 823 693 866 mensa
729 808 888 885 apud
915 808 1270 868 Vestorium.
1355 808 1641 869 Postridie
1683 810 1840 886 apud
1867 810 2124 869 Hirtium
2158 812 2380 887 cogita-

487 907 644 977 bam,
673 916 730 965 et
772 906 1008 984 quidem
1050 908 1401 967 πεντέλοιπον.
1491 906 1586 967 Sic
1618 908 1919 967 hominem
1960 908 2259 967 traducere
2301 909 2380 968 ad

485 1004 798 1079 optimates
847 1021 1008 1081 paro.
1090 1009 1255 1080 Λῆρος
1308 1005 1490 1064 πολύς.
1576 1005 1772 1065 Nemo
1830 1016 1918 1065 est
1972 1007 2231 1078 istorum,
2277 1008 2380 1083 qui

487 1102 674 1159 otium
728 1119 851 1160 non
906 1090 1121 1160 timeat.
1207 1101 1345 1174 Qua
1398 1122 1459 1166 re
1514 1103 1713 1163 talaria
1759 1104 2089 1174 videamus;
2152 1105 2379 1182 quidvis

486 1201 643 1258 enim
700 1199 896 1276 potius
951 1217 1128 1276 quam
1186 1212 1390 1260 castra.
1474 1202 1699 1261 Atticae
1763 1202 2006 1261 salutem
2069 1202 2380 1278 plurimam

485 1298 657 1355 velim
714 1297 889 1357 dicas.
974 1298 1274 1375 Exspecto
1331 1298 1556 1358 Octavii
1613 1301 1953 1359 contionem
2019 1308 2078 1359 et
2132 1302 2181 1359 si
2240 1300 2382 1377 quid

485 1394 657 1467 aliud,
687 1396 942 1454 maxime
979 1406 1194 1468 autem,
1222 1397 1436 1472 ecquid
1463 1397 1770 1457 Dolabella
1796 1398 2000 1458 tinniat
2029 1416 2106 1456 an
2142 1398 2205 1457 in
2243 1416 2382 1458 meo

486 1492 725 1579 nomine
753 1494 978 1553 tabulas
1006 1511 1189 1553 novas
1216 1493 1433 1554 fecerit.
1527 1563 1538 1575 ι

847 1654 980 1710 113.
1067 1649 1182 1709 AD
1224 1650 1735 1710 FAMILIARES
1778 1651 1884 1710 x1.
1932 1665 2023 1727 27.

682 1761 817 1824 Seu.
857 1782 920 1824 m
962 1765 1320 1825 Tuscuumo
1360 1784 1415 1823 v.
1462 1764 1618 1825 ΚΑΙ..
1662 1766 1790 1825 Iun.
1832 1784 2000 1827 A.u.c.
2043 1779 2182 1840 710·

1059 1867 1173 1954 [nm]
1218 1891 1425 1933 c1cERo
1465 1892 1652 1934 mimo
1691 1891 1816 1933 SAL.

576 2005 625 2046 1.
669 1985 937 2048 Nomium
976 1989 1113 2047 satis
1153 1988 1428 2048 constitui
1465 1988 1844 2048 molestiaene
1886 1989 2015 2065 plus
2056 2008 2133 2048 an
2174 1987 2380 2065 volup-

487 2086 619 2145 tatis
668 2086 917 2145 attulerit
959 2085 1102 2144 mihi
1140 2086 1454 2145 Trebatius
1501 2096 1715 2156 noster,
1759 2085 1942 2145 homo
1986 2085 2122 2145 cur'n
2172 2087 2382 2163 plenus

488 2183 677 2253 officii,
720 2193 846 2241 tum
887 2184 1181 2259 utriusque
1221 2195 1487 2242 nostrum
1529 2184 1991 2243 amantissimus:
2048 2203 2187 2243 nam
2245 2204 2382 2244 cum

487 2281 547 2338 in
590 2279 992 2339 Tusculanum
1034 2281 1260 2357 vesperi
1301 2282 1608 2352 venissem,
1653 2283 1931 2358 postridie
1985 2282 2078 2340 ille
2135 2281 2212 2341 ad
2265 2301 2380 2348 me,

485 2377 751 2437 nondum
783 2378 919 2435 satis
941 2378 1109 2436 firmo
1137 2396 1385 2455 corpore
1413 2397 1547 2437 cum
1576 2389 1747 2449 esset,
1776 2397 1948 2438 mane
1972 2381 2127 2438 venit
2143 2398 2160 2450 ;
2201 2397 2382 2456 quem

486 2494 622 2536 cum
651 2477 1039 2552 obiurgarem,
1063 2477 1223 2552 quod
1252 2494 1459 2552 parum
1478 2476 1787 2536 valetudini
1815 2489 2092 2553 parceret,
2115 2488 2240 2536 tum
2268 2479 2383 2550 ille,

486 2575 627 2632 nihil
685 2574 793 2634 sibi
839 2572 1072 2649 longius
1130 2572 1324 2645 fuisse,
1370 2592 1549 2650 quam
1602 2583 1668 2631 ut
1722 2592 1817 2633 me
1861 2573 2093 2633 videret.
2181 2581 2196 2606 ‘
2218 2573 2383 2634 Num

487 2674 768 2752 quidnam
784 2667 802 2694 ’
871 2671 1112 2748 inquam
1184 2677 1199 2703 ‘
1218 2673 1395 2731 novi?
1416 2670 1431 2694 '
1514 2671 1736 2731 Detulit
1799 2672 1876 2732 ad
1930 2692 2026 2733 me
2081 2675 2383 2750 querelam

482 2784 665 2844 tuam,
708 2771 782 2831 de
823 2788 940 2848 qua
981 2769 1142 2847 prius
1189 2789 1370 2846 quarn
1416 2770 1751 2847 respondeo
1797 2787 1988 2846 pauca
2028 2789 2378 2848 proponam.

489 2889 540 2929 2.
584 2868 886 2942 Quantum
927 2866 1211 2926 memoria
1251 2878 1510 2945 repetere
1548 2868 1852 2943 praeterita
1889 2885 2150 2944 possum,
2192 2885 2374 2926 nemo

483 2979 575 3026 est
611 2967 752 3025 mihi
789 2976 847 3024 te
889 2966 1111 3025 amicus
1153 2964 1443 3040 antiquior
1466 2983 1485 3037 3
1528 2963 1633 3022 sed
1661 2974 1912 3024 vetustas
1945 2963 2122 3024 habet
2162 2964 2384 3042 aliquid

488 3081 803 3124 commune
832 3081 969 3122 cum
996 3062 1208 3133 multis,
1231 3079 1398 3119 amor
1425 3079 1547 3120 non
1576 3060 1750 3120 habet
1777 3081 1792 3120 ε
1839 3061 2017 3120 dilexi
2042 3072 2116 3132 te,
2138 3079 2261 3139 quo
2289 3062 2384 3120 die

490 3161 756 3237 cognovi,
786 3178 998 3235 meque
1027 3179 1063 3218 a
1090 3168 1148 3217 te
1177 3160 1337 3236 diligi
1366 3159 1630 3217 iudicavi.
1715 3159 1886 3218 Tuus
1923 3160 2133 3219 deinde
2169 3161 2383 3220 disces-

490 3277 605 3327 suS‚
637 3259 801 3333 isque
840 3258 1157 3327 diuturnus,
1188 3258 1427 3315 ambitio
1466 3269 1664 3316 nostra
1702 3268 1758 3315 et
1786 3258 1934 3316 vitae
1972 3256 2380 3317 dissimilitudo

493 3373 616 3413 non
655 3366 743 3414 est
783 3372 958 3431 passa
993 3354 1317 3414 voluntates
1360 3366 1588 3414 nostras
1629 3355 2048 3414 consuetudine
2090 3356 2378 3431 congluti-

491 3451 619 3508 nari
633 3469 652 3524 ;
695 3461 857 3510 tuum
890 3460 1086 3510 tamen
1123 3469 1263 3529 erga
1299 3471 1397 3512 me
1436 3452 1696 3512 animum
1734 3453 1944 3530 agnovi
1977 3452 2171 3512 multis
2206 3454 2376 3514 annis
