2642 3925
446 262 569 348 138
945 273 1024 325 Μ.
1076 273 1318 325 wazu
1357 271 1734 326 cremoms
2075 251 2207 348 [pm
2238 273 2334 330 111,

423 431 717 493 ‘Gnaeum
753 442 1018 492 nostrum
1060 435 1527 504 commissurum,
1554 443 1621 492 ut
1660 432 1983 492 Domitium
2024 432 2331 508 relinquat,

436 532 548 590 etsi
616 529 991 589 Brundisium
1065 530 1404 607 Scipionem
1477 538 1615 591 cnm
1689 531 2025 592 cohortibus
2097 530 2332 589 duabus

438 629 829 703 praemiserat,
867 626 1161 703 legionem
1207 647 1246 685 a
1284 623 1503 687 Fausto
1538 629 1932 703 conscriptam
1969 629 2030 686 in
2065 626 2327 686 Siciliam

436 725 547 783 sibi
588 724 817 801 placete
860 743 896 785 a
936 725 1175 784 consule
1217 724 1354 783 duci
1394 725 1702 801 scripserat
1748 726 1825 785 ad
1874 723 2144 786 consules
2158 743 2179 798 ς
2221 723 2327 783 sed

429 832 603 897 turpe
642 822 966 881 Domitium
1003 822 1192 881 deseri
1228 822 1637 897 implorantem
1678 823 1801 884 eius
1844 823 2137 882 auxilium.
2218 819 2327 880 Est

427 921 727 995 quaedam
762 936 914 996 spes,
944 919 1086 977 mihi
1113 920 1354 995 quidem
1389 935 1511 977 non
1547 931 1782 994 magna,
1812 909 1919 979 sed
1956 920 2015 977 in
2053 919 2144 978 his
2180 917 2325 978 locis

437 1018 619 1088 firma,
669 1017 973 1076 Afranium
1020 1018 1082 1075 in
1130 1016 1430 1093 Byrenaeo
1473 1030 1614 1076 cum
1662 1017 1965 1077 Trebonio
2013 1029 2323 1094 pugnasse,

436 1115 670 1190 pulsum
716 1113 1098 1187 Trebonium,
1146 1115 1323 1174 etiam
1362 1113 1613 1173 Fabium
1656 1123 1820 1174 tuum
1868 1116 2140 1174 transisse
2189 1129 2324 1172 cum

436 1212 794 1285 cohortibu8‚
829 1231 1060 1272 summa
1096 1223 1314 1284 autem,
1355 1211 1661 1272 Afranium
1702 1227 1838 1273 curn
1871 1213 2103 1289 magnis
2140 1211 2324 1287 copiis

434 1310 780 1370 adventare:
821 1311 883 1372 id
920 1312 973 1370 si
1013 1322 1117 1382 est,
1155 1311 1215 1369 in
1257 1311 1425 1369 Italia
1472 1310 1718 1371 fortasse
1765 1311 2109 1370 manebitur.
2192 1305 2325 1385 Ego

435 1421 651 1479 autem,
698 1423 838 1468 cum
892 1420 1047 1468 esset
1094 1404 1377 1468 incertum
1424 1408 1532 1467 iter
1578 1407 1861 1481 Caesarie,
1906 1407 2068 1484 quod
2110 1406 2200 1466 vel
2249 1406 2326 1465 ad

438 1502 705 1581 Capuam
741 1505 831 1565 vel
874 1507 950 1564 ad
991 1506 1297 1566 Luceriam
1347 1508 1528 1565 iturus
1574 1501 1900 1582 putabatur.
1942 1503 2193 1582 Leptam
2248 1505 2325 1563 ad

438 1601 785 1679 Pompeium
853 1604 986 1663 misi
1046 1610 1099 1663 et
1153 1605 1383 1676 litteras,
1452 1603 1596 1681 ipse,
1666 1622 1745 1663 ne
1807 1615 1927 1680 quo
1990 1603 2324 1672 inciderem,

438 1702 642 1759 reverti
684 1697 965 1761 Formias.
1038 1701 1206 1762 Haec
1233 1709 1292 1760 te
1320 1701 1467 1760 scire
1503 1699 1659 1759 volui
1687 1699 2005 1778 scripsique
2035 1698 2323 1759 sedatiore

437 1799 652 1870 anim0,
682 1815 859 1875 quam
891 1800 1154 1875 proxime
1182 1798 1544 1874 scripseram,
1573 1797 1795 1857 nullum
1821 1811 2021 1857 meum
2047 1798 2327 1857 iudicium

438 1894 834 1975 interponam,
863 1897 970 1956 sed
998 1897 1309 1974 exquirens
1336 1904 1518 1955 tuum.
2307 1891 2315 1898 ’

863 2067 960 2123 55.
1040 2062 1158 2120 AD
1199 2012 1798 2122 ATTICUM⁸V11L
1843 2080 1901 2136 9.

444 2174 576 2237 Seu.
604 2192 666 2235 m
697 2174 1010 2237 Fomauo
1052 2195 1107 2236 A.
1125 2195 1180 2236 n.
1210 2195 1265 2243 v.
1304 2176 1628 2235 KALENDAS
1669 2174 1947 2235 Mam-ms
1986 2191 2154 2234 mue.
2187 2182 2324 2247 705.

1072 2298 1281 2343 cronno
1321 2294 1535 2342 amco
1573 2296 1698 2341 su..

530 2412 581 2454 1.
621 2394 960 2455 Ems‘romu
986 2410 1180 2455 meam
1203 2396 1364 2473 quod
1387 2395 1779 2471 pei-volgatam
1808 2393 2008 2453 scribis
2036 2405 2182 2464 esse,
2204 2406 2327 2453 non

444 2491 567 2551 fero
605 2492 882 2551 moleste:
925 2493 1066 2568 quin
1104 2491 1279 2551 etiam
1313 2494 1442 2569 ipse
1470 2490 1662 2551 multis
1691 2488 1826 2551 dedi
1853 2489 2326 2562 describendam;

443 2605 513 2650 ea
541 2591 698 2650 enim
724 2599 782 2648 et
808 2590 1140 2649 acciderunt
1167 2588 1283 2648 iam
1312 2602 1372 2649 et
1404 2590 1759 2666 impendent,
1786 2598 1850 2647 ut
1885 2598 2156 2646 testatum
2197 2600 2329 2648 esse

441 2690 629 2759 velim,
686 2688 761 2747 de
821 2704 964 2764 pace
1021 2686 1160 2764 quid
1217 2688 1511 2746 senserim.
1607 2682 1763 2745 Cum
1816 2694 2011 2744 autem
2066 2683 2142 2744 ad
2195 2702 2329 2745 eam

444 2785 701 2846 hortarer
728 2800 860 2845 eum
892 2785 1227 2863 praesertim
1255 2784 1573 2856 hominem,
1595 2796 1719 2842 non
1739 2780 1973 2841 videbar
1999 2776 2115 2840 ullo
2144 2775 2326 2842 modo

442 2883 662 2943 facilius
688 2896 969 2955 moturuS,
987 2896 1164 2959 quam
1192 2883 1241 2941 si
1268 2879 1347 2953 id,
1368 2882 1529 2958 quod
1556 2897 1691 2940 eum
1718 2876 1989 2949 hortarer,
2018 2881 2330 2939 convenire

445 2984 569 3041 eius
638 2983 952 3057 sapientiae
1022 2978 1292 3040 dicerem.
1373 2974 1524 3037 Eam
1579 2979 1627 3037 si
1676 2978 1693 3009 ‘
1711 2977 2140 3036 admirabilem’
2191 2972 2326 3048 dixi,

443 3079 723 3155 quoniam
777 3096 911 3138 eum
966 3076 1043 3138 ad
1097 3079 1342 3137 salutem
1396 3074 1616 3153 patriae
1668 3072 1954 3146 hortabar,
2011 3087 2131 3132 non
2194 3092 2329 3134 sum

446 3177 657 3235 veritus
685 3192 759 3234 ne
788 3174 1009 3234 viderer
1035 3170 1338 3245 adsentari,
1371 3175 1463 3234 cui
1490 3167 1587 3232 tali
1618 3174 1679 3231 in
1716 3188 1777 3230 re
1820 3166 2080 3230 lubenter
2114 3182 2212 3230 me
2251 3170 2329 3232 ad

446 3270 630 3350 pedes
683 3269 1041 3332 abiecissem.
1127 3271 1263 3344 Qua
1316 3282 1509 3330 autem
1574 3280 1663 3329 est
1718 3266 1967 3344 ‘aliquid
2031 3269 2328 3345 impertias

448 3370 762 3446 temporis,'
798 3386 920 3426 non
961 3378 1050 3427 est
1091 3371 1164 3428 de
1205 3387 1369 3445 pace,
1409 3369 1515 3428 sed
1558 3364 1632 3427 de
1672 3380 1767 3425 me
1808 3367 1937 3442 ipso
1981 3377 2037 3424 et
2077 3361 2150 3424 de
2189 3378 2328 3426 meo

451 3468 643 3527 officio
672 3479 734 3526 ut
763 3465 977 3543 aliquid
1006 3468 1218 3544 cogitet
1238 3487 1255 3541 3
1284 3482 1421 3526 nam
1443 3462 1602 3545 quod
1623 3465 1894 3524 testificor
1914 3480 2008 3522 me
2030 3473 2330 3540 expertem
