2642 3925
448 656 583 823 Μ.
656 725 1152 827 TULLII
1248 710 2030 880 CICERONIS

591 953 1217 1032 EP1sToLAE
1297 953 1901 1036 SELECTAE.
1933 987 2280 1205 »iffi

1047 1152 1292 1224 PARS
1350 1157 1442 1228 11.
1667 1247 1672 1252 .
1705 1162 1710 1168 ·
1840 1079 2520 1302 Μ

755 1329 877 1415 20,
936 1326 1054 1387 AD
1094 1323 1487 1388 nucum
1527 1326 1638 1391 lv,
1682 1343 1738 1390 ι.
2190 1345 2262 1481 9
2293 1357 2355 1459 0
2403 1313 2623 1449 [Λα

434 1445 565 1513 Sex.
606 1448 824 1511 Rom
863 1469 1046 1511 mro
1086 1469 1275 1511 unsa
1317 1452 1653 1511 Summum
1691 1468 1859 1512 A.u.c.
1899 1450 2034 1526 697.

935 1584 1142 1627 menno
1182 1583 1398 1628 amco
1427 1556 1562 1627 'san

389 1703 439 1748 1.
485 1686 630 1749 Cmt
667 1687 920 1764 primum
959 1686 1216 1748 Romam
1251 1689 1400 1763 veni,
1428 1688 1646 1765 fuitque
1685 1687 1779 1749 cui
1813 1698 1970 1748 recte
2006 1687 2084 1746 ad
2129 1697 2190 1747 te

299 1786 510 1846 litteras
538 1785 755 1858 darem,
784 1787 924 1846 nihil
952 1787 1113 1863 prius
1141 1786 1475 1847 faciendum
1498 1787 1642 1847 mihi
1668 1787 1880 1865 putavi,
1909 1801 2087 1864 quam
2122 1795 2190 1845 ut

300 1885 403 1943 tibi
432 1884 656 1943 absenti
686 1884 760 1943 de
779 1884 967 1942 reditu
993 1893 1196 1944 nostro
1216 1884 1563 1959 gratularer3
1601 1900 1925 1960 cognoram
1946 1882 2186 1942 enini-

301 1993 367 2041 ut
393 1999 524 2040 vere
553 1982 941 2040 scribam—te
966 1982 1027 2040 in
1056 1982 1312 2042 consiliis
1340 1981 1482 2040 mihi
1509 1980 1716 2041 dandis
1743 1999 1853 2042 nec
1889 1980 2187 2041 fortiorem

301 2097 411 2139 nec
457 2078 893 2155 prudentiorem
936 2097 1114 2155 quam
1158 2095 1255 2137 me
1308 2079 1520 2156 ipsum,
1564 2097 1660 2139 me
1714 2080 1891 2139 etiam
1944 2088 2190 2157 propter

299 2193 495 2238 meam
522 2175 584 2233 in
609 2184 667 2234 te
694 2176 1119 2235 observantiam
1144 2176 1391 2236 nimium
1418 2177 1479 2235 in
1506 2177 1771 2238 custodia
1796 2176 1997 2238 salutis
2016 2194 2187 2236 meae

300 2276 655 2353 diligentem,
694 2272 1065 2349 eundemque
1102 2282 1177 2345 te,
1206 2275 1305 2350 qui
1342 2275 1544 2351 primis
1581 2275 1942 2352 temporibus
1978 2274 2188 2334 erroris

299 2372 482 2435 nostri
520 2379 620 2430 aut
656 2370 851 2446 potius
890 2368 1101 2429 furoris
1132 2371 1423 2448 particeps
1464 2382 1522 2432 et
1562 2372 1690 2455 falsi
1731 2373 1956 2434 timoris
1996 2371 2188 2432 socius
2276 2415 2285 2422 -

298 2472 521 2540 fuisses,
542 2467 909 2527 acerbissime
932 2467 1236 2528 discidium
1256 2479 1523 2529 nostrum
1543 2471 1743 2530 tulisse
1759 2471 2191 2549 plurimumque

301 2585 535 2645 operae,
558 2565 749 2636 studii,
769 2564 1114 2642 diligentiae,
1134 2565 1351 2627 laboris
1377 2567 1455 2626 ad
1482 2567 1912 2630 conficiendum
1939 2566 2189 2627 reditum

297 2682 497 2725 meum
525 2662 877 2724 contulisse:
910 2681 963 2722 2.
991 2663 1184 2740 itaque
1210 2663 1326 2724 hoc
1353 2665 1455 2723 tibi
1482 2682 1615 2726 vere
1642 2666 1906 2737 adfinno,
1935 2665 1995 2723 in
2022 2681 2188 2723 max-

299 2762 419 2820 ima
453 2761 667 2819 laetitia
703 2768 763 2818 et
798 2760 1235 2837 exoptatissima
1259 2761 1643 2836 grattssatione
1671 2779 1853 2820 unum
1881 2760 1958 2820 ad
1985 2778 2198 2820 cumu-

304 2858 542 2917 landum
579 2856 857 2933 gaudium
886 2866 1269 2934 conspectum
1296 2869 1397 2919 aut
1422 2860 1618 2936 potius
1645 2858 2018 2935 complexum
2044 2856 2188 2919 mihi

302 2967 466 3014 tuum
505 2952 794 3027 defuisse;
838 2972 1014 3031 quem
1051 2955 1231 3014 semel
1268 2967 1474 3016 nactus
1512 2956 1558 3015 si
1586 2972 1868 3033 umquam
1895 2953 2187 3027 dimiser0,

277 3071 373 3130 ⁴ac
411 3051 522 3110 nisi
559 3051 736 3110 etiam
776 3052 1215 3129 praetermissos
1256 3052 1475 3113 fructus
1512 3064 1647 3113 tuae
1688 3053 1981 3115 suavitatis
2020 3071 2189 3131 prae·

301 3149 454 3210 teriti
495 3150 772 3231 temporis
816 3167 1024 3209 omnes
1066 3168 1336 3226 exegero,
1372 3151 1634 3228 profecto
1675 3151 1788 3210 hac
1827 3152 2187 3211 restitutione

301 3247 568 3309 fortunae
618 3265 714 3305 me
764 3248 888 3324 ipse
938 3252 1060 3306 non
1107 3249 1246 3306 satis
1291 3248 1534 3324 dignum
1581 3248 1868 3309 iudicabo.
1960 3268 2012 3325 3.
2058 3247 2187 3309 Nos

305 3345 495 3406 adhuc
534 3345 596 3404 in
634 3354 835 3405 nostro
873 3354 1043 3414 statu,
1076 3345 1238 3421 quod
1277 3345 1604 3405 difficillime
1643 3345 1970 3423 recuperari
2010 3363 2188 3422 posse

302 3444 553 3504 arbitrati
584 3445 805 3516 sumus,
835 3442 1204 3520 splendorem
1231 3453 1498 3504 nostrum
1523 3444 1683 3503 illum
1710 3443 2004 3504 forensem
2032 3452 2091 3503 et
2125 3443 2186 3502 in
