2642 3925
305 245 504 333 1:125]
714 260 941 311 Epzsr.
976 260 1077 309 AD
1116 246 1565 311 mmmmm
1585 246 1590 249 ’
1613 264 1674 313 ν.
1709 267 1769 313 2.
2144 264 2187 329 7

2159 348 2166 353 ,
2185 338 2330 353 S—-u-a

302 398 445 477 nihil
496 416 559 477 in
612 436 687 477 ea
736 438 802 478 re
854 437 960 495 per
1006 418 1291 496 collegam
1336 436 1538 478 meum
1579 436 1681 478 me
1717 418 2007 478 insciente
2056 432 2187 478 esse

306 514 543 573 factum.
631 514 964 575 Recordare
1002 526 1227 589 cetera;
1272 535 1452 593 quam
1491 515 1607 576 cito
1647 525 1914 576 senatum
1949 515 2055 575 illo
2094 516 2189 575 die

307 612 459 672 facta
482 614 783 673 sortitione
810 614 1118 690 coegerim,
1136 632 1313 691 quam
1339 614 1522 673 multa
1538 615 1622 674 ‚de
1647 622 1707 673 te
1731 614 1909 672 verba
1933 613 2188 685 fecerim,

307 727 445 769 cum
470 720 532 768 tu
560 711 687 787 ipse
713 710 855 769 mihi
882 712 1083 771 dixisti.
1098 714 1425 772 orationem
1449 730 1644 771 meam
1671 724 1794 771 non
1802 758 1808 764 ..
1819 710 2012 770 solum
2039 713 2102 769 in
2133 722 2192 770 te
2222 750 2226 755 -

307 805 515 866 honori
559 826 707 880 cam,
748 808 855 869 sed
902 810 1078 868 etiam
1122 809 1187 867 in
1234 809 1491 885 collegas
1531 819 1666 868 tuos
1708 809 2192 867 contumeliosam

307 904 504 967 fuisse.
606 923 664 976 4.
725 905 851 965 Iam
906 906 1047 967 illud
1100 916 1354 967 senatus.
1381 903 1729 978 consultum,
1769 906 1933 984 quod
1979 923 2054 965 eo
2098 905 2192 965 die

312 1001 529 1062 iactum
582 1012 689 1073 est,
736 1021 808 1064 ea
860 1005 1276 1082 perscriptione
1331 1014 1436 1076 est,
1479 1014 1561 1076 ut,
1615 1004 1757 1063 dum
1809 1004 1872 1063 id
1925 1004 2190 1074 exstabit,

305 1100 573 1185 officium·
589 1118 789 1159 meum
826 1102 888 1159 in
926 1112 985 1162 te
1019 1103 1336 1161 obscurum
1373 1120 1506 1161 esse
1541 1119 1665 1161 non
1699 1101 1906 1178 possit«-
1983 1100 2194 1160 Postea

308 1216 448 1258 vero
474 1216 651 1275 quam
678 1200 977 1275 profectus
1014 1220 1096 1272 es,
1122 1201 1294 1259 velim
1331 1201 1653 1273 recordere,
1677 1218 1831 1276 quae
1872 1217 1987 1277 ego
2023 1199 2100 1258 de
2133 1210 2194 1261 te

308 1297 373 1355 in
398 1306 607 1356 senatu
634 1299 873 1372 egerim,
898 1316 1051 1374 quae
1077 1298 1140 1357 in
1168 1299 1540 1357 contionibus
1563 1298 1828 1370 dixerim,
1857 1316 2003 1375 quas
2029 1296 2105 1356 ad
2133 1306 2194 1355 te

310 1394 526 1453 litteras
569 1396 860 1455 miserim:
910 1413 1061 1472 quae
1102 1414 1240 1455 cum
1287 1397 1488 1454 omnia
1529 1396 1844 1473 collegeris,
1893 1406 2017 1455 tum
2069 1396 2195 1472 ipse
2247 1425 2251 1429 ·

310 1493 484 1551 velim
511 1492 749 1565 iudiceS,
777 1494 991 1553 satisne
1017 1493 1275 1553 videatur
1308 1494 1400 1553 his
1431 1495 1711 1553 omnibus
1736 1494 1910 1553 rebus
1935 1504 2070 1553 tuus
2095 1490 2198 1551 ad·

312 1599 535 1661 ventus,
566 1608 701 1650 cum
727 1592 995 1667 proxime
1028 1590 1286 1650 Romam
1312 1592 1536 1663 venisti,
1561 1601 1762 1651 mutue
1801 1590 2195 1668 respondisse.

316 1696 370 1761 5.
399 1687 581 1760 Quod
602 1689 802 1747 scribis
823 1688 896 1747 de
917 1688 1282 1748 reconciliata
1298 1690 1497 1767 gratia
1517 1699 1733 1758 nostra,
1754 1706 1878 1748 non
1905 1688 2195 1765 intellego,

314 1804 417 1845 cur
443 1786 865 1845 reconciliatam
894 1804 1023 1845 esse
1052 1788 1227 1857 dicae,
1246 1805 1398 1863 quae
1419 1804 1740 1863 numquam
1766 1787 2070 1844 imminuta
2089 1796 2195 1846 est.

314 1885 372 1942 6.
413 1881 595 1955 Quod
623 1884 826 1943 scribis
854 1902 977 1964 non
1000 1884 1330 1959 oportuisse
1359 1884 1660 1943 Metellum
1679 1883 1912 1943 fratrem
1931 1892 2095 1941 tuum
2114 1884 2197 1942 ob

314 1980 534 2040 dictum
588 2000 625 2040 a
676 2000 773 2040 me
820 1981 1166 2058 oppugnari,
1210 1983 1464 2058 primum
1510 1981 1625 2041 hoc
1671 1981 1842 2039 velim
1883 1979 2196 2050 existimeS,

298 2079 575 2144 „animum
600 2079 744 2137 mihi
771 2081 946 2139 istum
973 2088 1137 2138 tuum
1160 2079 1534 2138 vehementer
1559 2078 1790 2156 probari
1812 2088 1870 2137 et
1889 2078 2198 2137 fraternam

314 2176 550 2253 plenam
575 2165 946 2236 humanitatis
974 2195 1043 2236 ac
1069 2177 1297 2253 pietatis
1323 2175 1710 2248 voluntatem3
1753 2176 1980 2248 deinde,
2009 2175 2056 2236 si
2083 2193 2199 2254 qua

314 2291 432 2349 ego
460 2274 522 2331 in
552 2291 615 2331 re
650 2272 807 2332 fratri
842 2283 945 2332 tuo
980 2273 1063 2332 rei
1098 2273 1365 2350 publicae
1395 2290 1575 2332 causa
1609 2273 1925 2345 restiterim,
1937 2283 2019 2353 kut
2055 2272 2200 2354 mihi

317 2371 621 2446 ignoscas3
662 2379 785 2428 tam
826 2372 985 2429 enim
1025 2388 1157 2430 sum
1196 2371 1420 2430 amicus
1454 2371 1537 2431 rei
1573 2372 1860 2448 publicae,
1884 2352 2063 2448 quam
2099 2373 2199 2447 qui

318 2468 609 2538 maxime3
652 2467 702 2525 si
728 2484 866 2527 vero
894 2485 1087 2527 meam
1116 2461 1376 2527 salutem
1393 2477 1600 2527 contra
1633 2468 1781 2526 illius
1815 2467 2096 2544 impetum
2135 2469 2198 2526 in

317 2581 416 2623 me
444 2563 905 2623 crudelissimum
932 2564 1306 2636 defenderim,
1330 2565 1467 2624 satis
1493 2565 1712 2676 Q
1739 2564 1884 2624 nihil
1908 2582 2006 2624 me
2025 2565 2200 2625 etiam

320 2671 516 2720 tecum
570 2660 644 2719 de
699 2661 784 2719 tui
829 2661 1019 2720 fratris
1064 2657 1273 2720 iniuria
1316 2678 1629 2737 conquen:
1677 2679 1854 2738 quem
1900 2678 2016 2737 ego
2063 2677 2202 2720 cum

322 2761 737 2837 comperissem
788 2777 1031 2818 omnem
1079 2758 1181 2820 sui
1215 2761 1536 2819 tribunatus
1583 2771 1861 2821 conatum
1905 2759 1968 2816 in
2008 2773 2204 2818 meam

320 2857 637 2934 perniciem
665 2875 866 2932 parare
906 2866 1081 2932 atque
1116 2857 1398 2927 meditari,
1427 2857 1522 2932 egi
1558 2870 1698 2931 cum
1734 2854 1994 2925 Claudia,
2023 2871 2206 2914 uxore

323 2967 443 3026 tua,
470 2963 531 3016 et
568 2971 703 3012 cum
728 2947 917 3012 vestra
957 2970 1158 3013 sorore
1197 2953 1414 3024 Mucia,
1443 2952 1608 3012 cuius
1643 2969 1786 3028 erga
1817 2970 1916 3012 me
1953 2951 2206 3012 studium
2272 3007 2281 3019 ,
2374 3009 2384 3017 ,

322 3068 434 3128 pro
455 3049 566 3110 Cn.
576 3049 839 3125 Pompeii
854 3049 1286 3118 necessitudine,
1294 3049 1490 3108 multis
1511 3049 1574 3107 in
1593 3050 1764 3108 rebus
1781 3065 2206 3126 perspexeram,
2268 3059 2274 3069 ·

323 3157 389 3206 ut
414 3165 553 3207 eum
578 3148 654 3206 ab
681 3146 776 3204 illa
807 3147 1014 3206 iniuria
1049 3147 1420 3208 deterrerent.
1504 3159 1558 3220 7.
1601 3145 1782 3223 Atqui
1819 3146 1928 3217 ille,
1957 3145 2113 3222 quod
2147 3153 2207 3204 te

325 3244 559 3307 audisse
603 3254 762 3304 certo
801 3243 928 3315 sa‘o,
969 3261 1056 3321 pr.
1102 3242 1237 3304 Kal.
1276 3241 1592 3313 Ianuarias,
1630 3261 1748 3319 qua
1787 3241 1991 3300 iniuria
2027 3257 2207 3299 nemo

325 3359 607 3418 umquam
683 3342 745 3400 in
817 3341 1064 3400 minimo
1137 3341 1478 3417 magistratu
1543 3339 2003 3415 improbissimus
2070 3337 2206 3396 civis

326 3439 589 3501 adfectus
624 3449 733 3512 est,
758 3457 837 3509 ea¹
866 3455 965 3498 me
1003 3438 1307 3504 consulem
1334 3436 1574 3508 adfecit,
1593 3453 1745 3514 cum
1765 3453 1892 3494 rem
1916 3435 2207 3512 publicam
