2642 3925
317 277 351 330 ·„
419 261 575 326 :193
610 276 687 340 :⁶2
714 276 875 383 ἐς.
954 193 1372 381 3M3wm131
1413 249 1797 301 orcmoms
2113 236 2248 321 [Pars
2276 251 2343 301 ιι.

268 373 294 427 Ῑ
322 381 337 394 ’
357 378 385 422 ”
417 372 685 477 Ζόαὶἐῐξη
666 393 833 464 nain
888 368 1348 463 ferventissime
1364 399 1766 477 concerpitur3
1824 396 2112 459 levissime
2165 401 2341 473 enim,

446 506 584 581 quia
622 502 697 561 de
736 500 1135 562 intercalando
1173 516 1296 559 non
1335 499 1680 569 obtinuerat,
1708 497 2015 574 transfugit
2051 496 2126 556 ad
2152 515 2342 574 popu-

444 603 569 660 lum
605 610 663 660 et
704 618 816 677 pro
858 597 1109 658 Caesare
1146 597 1309 674 loqui
1348 597 1560 674 coepit,
1595 596 1903 672 legemque
1937 595 2191 667 viariam,
2217 614 2341 655 non

449 698 788 759 dissimilem
849 696 1107 772 agrariae
1172 694 1344 766 Rulli,
1400 704 1461 753 et
1521 693 1955 764 alimentariam,
2010 710 2128 770 qua
2185 693 2342 751 iubet

447 796 662 854 aediles
703 794 907 866 metiri,
951 793 1213 853 iactavit:
1261 792 1379 852 hoc
1420 791 1687 851 nondum
1728 790 1959 861 fecerat,
2002 808 2138 849 cum
2184 790 2342 865 prio-

447 909 572 951 rem
612 903 840 970 partem
880 891 1160 970 epistolae
1202 890 1426 967 scripsi.
1507 888 1743 948 Amabo
1784 898 1860 959 te,
1898 888 1948 947 si
1988 886 2146 964 quid,
2180 886 2346 963 quod

447 1006 600 1064 opus
653 990 841 1062 fuerit,
882 989 1082 1066 Appio
1135 987 1333 1059 facies,
1359 986 1565 1063 ponito
1618 1002 1717 1043 me
1755 985 1815 1043 ei
1852 984 1915 1043 in
1967 985 2167 1060 gratia.
2248 982 2345 1041 De

447 1086 754 1147 Dolabella
794 1088 1084 1163 integrum
1125 1085 1228 1144 tibi
1267 1101 1541 1153 reserves,
1570 1082 1822 1154 suade03
1870 1090 1930 1141 et
1969 1080 2105 1140 huic
2140 1081 2238 1158 rei,
2268 1082 2345 1141 de

449 1203 566 1261 qua
608 1184 837 1263 loquor,
874 1193 933 1243 et
974 1182 1238 1261 dignitati
1284 1190 1419 1240 tuae
1467 1178 1885 1256 aequitatisque
1921 1178 2191 1253 opinioni
2228 1176 2345 1237 hoc

450 1284 528 1340 ita
576 1282 769 1342 facere
813 1281 1066 1357 expedit.
1147 1280 1356 1357 Turpe
1402 1278 1508 1337 tibi
1561 1276 1670 1336 erit
1726 1274 2040 1355 pantheras
2087 1273 2346 1338 Graecas

447 1398 545 1439 me
568 1397 695 1440 non
718 1378 951 1439 habere.

901 1537 998 1596 36.
1078 1533 1195 1595 AD
1236 1534 1629 1596 ATTICUM
1666 1531 1745 1597 V.
1789 1551 1886 1595 21.

627 1649 762 1713 Sca.
802 1649 1145 1712 LAomcEAn
1186 1651 1386 1712 Imaus
1426 1651 1784 1712 anamuurs
1822 1667 1990 1712 mmc-
2033 1663 2176 1727 704.

1083 1775 1291 1819 cronno
1331 1775 1546 1818 amco
1584 1774 1710 1818 sar..

538 1908 590 1951 1.
631 1891 729 1951 ΤΕ
783 1888 845 1949 in
899 1887 1145 1967 Epirum
1201 1888 1424 1950 salvum
1476 1890 1704 1950 venisse
1758 1899 1833 1962 et,
1876 1898 1943 1950 ut
1996 1888 2216 1963 scribiS,
2269 1907 2349 1950 ex

454 1992 742 2050 sententia
779 1980 1084 2064 navigasse
1111 1986 1485 2047 vehementer
1519 1989 1769 2064 gaudeo,
1799 2006 1922 2047 non
1959 2006 2088 2047 esse
2117 1987 2350 2048 Romae

454 2104 590 2146 meo
611 2098 873 2162 tempore
895 2085 1335 2162 pernecessario
1356 2086 1713 2144 submoleste
1734 2083 1877 2156 sero,
1896 2083 2012 2143 hoc
2032 2102 2129 2143 me
2150 2095 2349 2145 tamen

454 2182 764 2243 consolor:
806 2199 930 2240 non
967 2198 1141 2259 spero
1173 2193 1234 2242 te
1265 2182 1395 2244 istic
1430 2182 1681 2243 iucunde
1718 2180 1974 2240 hiemare
2007 2191 2065 2240 et
2104 2182 2350 2242 libenter

454 2280 835 2357 requiescere.
940 2295 993 2337 a.
1040 2278 1109 2339 C.
1159 2278 1416 2352 Cassius,
1464 2279 1638 2339 frater
1685 2277 1763 2351 Q.
1804 2277 2008 2350 Cassii,
2056 2278 2351 2342 familiaris

455 2379 554 2450 tui,
611 2376 989 2454 pudentiores
1031 2376 1155 2435 illas
1195 2377 1411 2437 litteras
1452 2379 1686 2438 miserat
1700 2410 1784 2421 —
1800 2377 1875 2436 de
1921 2377 2131 2453 quibus
2164 2387 2228 2437 tu
2272 2399 2350 2440 ex

456 2494 554 2534 me
596 2474 859 2553 requiris,
894 2473 1037 2551 quid
1079 2474 1187 2533 sibi
1226 2475 1771 2553 voluerint-quam
1813 2492 1930 2547 eaS,
1963 2492 2107 2552 quas
2140 2486 2352 2551 postea

453 2574 628 2645 misit,
678 2572 889 2650 quibus
934 2590 1041 2648 per
1087 2590 1151 2632 se
1206 2575 1403 2633 scribit
1450 2573 1781 2634 confectum
1836 2589 1964 2632 esse
2018 2572 2350 2637 Parthicum

455 2671 706 2731 bellum:
749 2681 1104 2730 recesserant
1139 2670 1217 2729 illi
1255 2672 1494 2748 quidem
1530 2673 1607 2730 ab
1642 2669 1951 2730 Antiochia
1987 2681 2120 2730 ante
2157 2673 2350 2736 Bibuli

454 2769 787 2840 adventum,
833 2768 938 2827 sed
986 2768 1147 2828 nullo
1190 2779 1394 2829 nostro
1437 2770 1784 2843 εὐημερήματι,
1826 2767 2002 2828 hodie
2041 2785 2179 2830 vero
2227 2773 2349 2834 hie-

454 2877 617 2925 mant
681 2868 744 2925 in
805 2865 1171 2944 Cyrrhestica
1235 2869 1673 2943 maximumque
1735 2865 1952 2925 bellum
2013 2867 2350 2947 impendet;

457 2983 596 3022 nam
635 2974 694 3024 et
734 2963 939 3036 Orodi,
983 2965 1137 3041 regis
1179 2964 1544 3038 Parthorum,
1586 2965 1736 3024 filius
1775 2965 1837 3023 in
1878 2967 2174 3041 provincia
2213 2987 2353 3030 nos·

456 3072 545 3118 tra
584 3071 688 3132 est,
729 3079 843 3121 nec
883 3061 1107 3121 dubitat
1160 3061 1488 3135 Deiotarus,
1529 3064 1695 3122 cuius
1736 3062 1854 3121 filio
1894 3073 2064 3140 pacta
2109 3074 2201 3125 est
2240 3066 2352 3125 Ar·

460 3157 709 3216 tavasdis
763 3157 895 3229 filia,
944 3177 1018 3218 ex
1065 3176 1186 3235 quo
1241 3161 1374 3220 sciri
1429 3170 1640 3237 potest,
1689 3161 1832 3238 quin
1885 3179 2020 3221 cum
2075 3163 2351 3222 omnibus

460 3255 644 3331 copiis
669 3254 796 3331 ipse
823 3256 1010 3331 prima
1036 3267 1252 3316 aestate
1286 3257 1628 3335 Euphraten
1664 3260 2001 3318 transiturus
2038 3259 2123 3318 sit.
2210 3258 2352 3332 Quo

464 3361 658 3409 autem
714 3352 807 3412 die
863 3351 1049 3413 Cassii
1110 3353 1330 3414 litterae
1384 3355 1642 3416 victrices
1702 3356 1764 3415 in
1816 3367 2022 3415 senatu
2081 3357 2352 3416 recitatae

466 3460 613 3522 sunt,
657 3449 719 3509 id
771 3460 859 3510 est
907 3449 1098 3510 Nonis
1139 3451 1510 3527 Octobribus,
1561 3455 1773 3514 eodem
1826 3472 1992 3513 meae
2046 3453 2354 3515 tumultum
