<?xml version="1.0" encoding="UTF-8"?>
<!DOCTYPE html PUBLIC "-//W3C//DTD XHTML 1.0 Transitional//EN"
    "http://www.w3.org/TR/xhtml1/DTD/xhtml1-transitional.dtd">
<html xmlns="http://www.w3.org/1999/xhtml" xml:lang="en" lang="en">
 <head>
  <title>
</title>
<meta http-equiv="Content-Type" content="text/html;charset=utf-8" />
  <meta name='ocr-system' content='tesseract 3.04.00' />
  <meta name='ocr-capabilities' content='ocr_page ocr_carea ocr_par ocr_line ocrx_word'/>
</head>
<body>
  <div class='ocr_page' id='page_1' title='image "./mtulliiciceroni00watsgoog_0096.png"; bbox 0 0 2642 3925; ppageno 0'>
   <div class='ocr_carea' id='block_1_1' title="bbox 412 240 2300 325">
    <p class='ocr_par' dir='ltr' id='par_1_1' title="bbox 412 240 2300 325">
     <span class='ocr_line' id='line_1_1' title="bbox 412 240 2300 325; baseline 0.002 -19"><span class='ocrx_word' id='word_1_1' title='bbox 412 243 497 309; x_wconf 88' lang='lat'><strong>80</strong></span> <span class='ocrx_word' id='word_1_2' title='bbox 952 254 1031 311; x_wconf 77' lang='grc' dir='ltr'><strong>Μ.</strong></span> <span class='ocrx_word' id='word_1_3' title='bbox 1078 253 1326 305; x_wconf 69' lang='lat' dir='ltr'><em>TULLII</em></span> <span class='ocrx_word' id='word_1_4' title='bbox 1365 254 1742 303; x_wconf 67' lang='lat' dir='ltr'><strong>crcmoms</strong></span> <span class='ocrx_word' id='word_1_5' title='bbox 2057 240 2202 325; x_wconf 72' lang='lat' dir='ltr'><strong>[rm</strong></span> <span class='ocrx_word' id='word_1_6' title='bbox 2230 253 2300 309; x_wconf 81' lang='lat' dir='ltr'><strong>rr.</strong></span> 
     </span>
    </p>
   </div>
   <div class='ocr_carea' id='block_1_2' title="bbox 414 402 2304 1556">
    <p class='ocr_par' dir='ltr' id='par_1_2' title="bbox 414 402 2304 1556">
     <span class='ocr_line' id='line_1_2' title="bbox 419 402 2300 483; baseline -0.002 -18"><span class='ocrx_word' id='word_1_7' title='bbox 419 404 557 465; x_wconf 89' lang='lat' dir='ltr'><strong>illud</strong></span> <span class='ocrx_word' id='word_1_8' title='bbox 602 404 839 483; x_wconf 85' lang='lat' dir='ltr'><strong>quidem</strong></span> <span class='ocrx_word' id='word_1_9' title='bbox 887 415 1042 465; x_wconf 89' lang='lat' dir='ltr'><strong>certe</strong></span> <span class='ocrx_word' id='word_1_10' title='bbox 1094 414 1358 463; x_wconf 89' lang='lat' dir='ltr'><strong>nostrum</strong></span> <span class='ocrx_word' id='word_1_11' title='bbox 1404 403 1712 463; x_wconf 79' lang='lat' dir='ltr'><strong>consilium</strong></span> <span class='ocrx_word' id='word_1_12' title='bbox 1762 402 1886 463; x_wconf 91' lang='lat' dir='ltr'><strong>iure</strong></span> <span class='ocrx_word' id='word_1_13' title='bbox 1935 402 2300 464; x_wconf 88' lang='lat' dir='ltr'><strong>laudandum</strong></span> 
     </span>
     <span class='ocr_line' id='line_1_3' title="bbox 414 502 2304 579; baseline -0.003 -16"><span class='ocrx_word' id='word_1_14' title='bbox 414 513 521 575; x_wconf 89' lang='lat' dir='ltr'><strong>est,</strong></span> <span class='ocrx_word' id='word_1_15' title='bbox 576 503 675 579; x_wconf 90' lang='lat' dir='ltr'><strong>qui</strong></span> <span class='ocrx_word' id='word_1_16' title='bbox 730 520 899 563; x_wconf 88' lang='lat' dir='ltr'><strong>meos</strong></span> <span class='ocrx_word' id='word_1_17' title='bbox 953 502 1104 562; x_wconf 90' lang='lat' dir='ltr'><strong>cives</strong></span> <span class='ocrx_word' id='word_1_18' title='bbox 1158 512 1217 560; x_wconf 93' lang='lat' dir='ltr'><strong>et</strong></span> <span class='ocrx_word' id='word_1_19' title='bbox 1264 520 1301 560; x_wconf 90' lang='lat' dir='ltr'><strong>a</strong></span> <span class='ocrx_word' id='word_1_20' title='bbox 1355 519 1451 560; x_wconf 90' lang='lat' dir='ltr'><strong>me</strong></span> <span class='ocrx_word' id='word_1_21' title='bbox 1497 513 1872 561; x_wconf 86' lang='lat' dir='ltr'><strong>conservatos</strong></span> <span class='ocrx_word' id='word_1_22' title='bbox 1925 511 1983 561; x_wconf 91' lang='lat' dir='ltr'><strong>et</strong></span> <span class='ocrx_word' id='word_1_23' title='bbox 2027 519 2124 560; x_wconf 90' lang='lat' dir='ltr'><strong>me</strong></span> <span class='ocrx_word' id='word_1_24' title='bbox 2181 518 2304 559; x_wconf 87' lang='lat' dir='ltr'><strong>ser-</strong></span> 
     </span>
     <span class='ocr_line' id='line_1_4' title="bbox 416 598 2301 676; baseline -0.001 -19"><span class='ocrx_word' id='word_1_25' title='bbox 416 618 550 658; x_wconf 88' lang='lat' dir='ltr'><strong>vare</strong></span> <span class='ocrx_word' id='word_1_26' title='bbox 606 600 923 676; x_wconf 66' lang='lat' dir='ltr'><strong>cupientes»,</strong></span> <span class='ocrx_word' id='word_1_27' title='bbox 972 598 1253 675; x_wconf 89' lang='lat' dir='ltr'><strong>spoliatos</strong></span> <span class='ocrx_word' id='word_1_28' title='bbox 1310 598 1554 659; x_wconf 88' lang='lat' dir='ltr'><strong>ducibus</strong></span> <span class='ocrx_word' id='word_1_29' title='bbox 1607 600 1786 659; x_wconf 91' lang='lat' dir='ltr'><strong>servis</strong></span> <span class='ocrx_word' id='word_1_30' title='bbox 1841 600 2076 659; x_wconf 88' lang='lat' dir='ltr'><strong>armatis</strong></span> <span class='ocrx_word' id='word_1_31' title='bbox 2125 598 2301 656; x_wconf 88' lang='lat' dir='ltr'><strong>obiici</strong></span> 
     </span>
     <span class='ocr_line' id='line_1_5' title="bbox 414 690 2302 774; baseline -0.002 -17"><span class='ocrx_word' id='word_1_32' title='bbox 414 698 699 757; x_wconf 86' lang='lat' dir='ltr'><strong>noluerim</strong></span> <span class='ocrx_word' id='word_1_33' title='bbox 728 697 1117 774; x_wconf 87' lang='lat' dir='ltr'><strong>declararique</strong></span> <span class='ocrx_word' id='word_1_34' title='bbox 1144 696 1464 767; x_wconf 86' lang='lat' dir='ltr'><strong>maluerim,</strong></span> <span class='ocrx_word' id='word_1_35' title='bbox 1491 706 1710 773; x_wconf 89' lang='lat' dir='ltr'><strong>quanta</strong></span> <span class='ocrx_word' id='word_1_36' title='bbox 1735 698 1824 757; x_wconf 86' lang='lat' dir='ltr'><strong>vis</strong></span> <span class='ocrx_word' id='word_1_37' title='bbox 1849 715 1982 757; x_wconf 87' lang='lat' dir='ltr'><strong>esse</strong></span> <span class='ocrx_word' id='word_1_38' title='bbox 2013 690 2302 773; x_wconf 71' lang='lat' dir='ltr'><strong>potuisset</strong></span> 
     </span>
     <span class='ocr_line' id='line_1_6' title="bbox 416 791 2304 871; baseline -0.001 -19"><span class='ocrx_word' id='word_1_39' title='bbox 416 794 478 852; x_wconf 90' lang='lat' dir='ltr'><strong>in</strong></span> <span class='ocrx_word' id='word_1_40' title='bbox 506 812 794 853; x_wconf 88' lang='lat' dir='ltr'><strong>consensu</strong></span> <span class='ocrx_word' id='word_1_41' title='bbox 820 794 1132 865; x_wconf 86' lang='lat' dir='ltr'><strong>bonorum,</strong></span> <span class='ocrx_word' id='word_1_42' title='bbox 1160 794 1211 853; x_wconf 90' lang='lat' dir='ltr'><strong>si</strong></span> <span class='ocrx_word' id='word_1_43' title='bbox 1246 794 1319 853; x_wconf 92' lang='lat' dir='ltr'><strong>iis</strong></span> <span class='ocrx_word' id='word_1_44' title='bbox 1355 810 1465 871; x_wconf 93' lang='lat' dir='ltr'><strong>pro</strong></span> <span class='ocrx_word' id='word_1_45' title='bbox 1500 811 1599 851; x_wconf 91' lang='lat' dir='ltr'><strong>me</strong></span> <span class='ocrx_word' id='word_1_46' title='bbox 1636 803 1826 853; x_wconf 90' lang='lat' dir='ltr'><strong>stante</strong></span> <span class='ocrx_word' id='word_1_47' title='bbox 1859 811 2122 870; x_wconf 82' lang='lat' dir='ltr'><strong>pugnare</strong></span> <span class='ocrx_word' id='word_1_48' title='bbox 2157 791 2304 851; x_wconf 79' lang='lat' dir='ltr'><strong>licu-</strong></span> 
     </span>
     <span class='ocr_line' id='line_1_7' title="bbox 414 889 2300 969; baseline -0.002 -18"><span class='ocrx_word' id='word_1_49' title='bbox 414 892 573 964; x_wconf 87' lang='lat' dir='ltr'><strong>isset,</strong></span> <span class='ocrx_word' id='word_1_50' title='bbox 602 910 735 951; x_wconf 90' lang='lat' dir='ltr'><strong>cum</strong></span> <span class='ocrx_word' id='word_1_51' title='bbox 765 892 1062 951; x_wconf 89' lang='lat' dir='ltr'><strong>adflictum</strong></span> <span class='ocrx_word' id='word_1_52' title='bbox 1088 891 1339 951; x_wconf 85' lang='lat' dir='ltr'><strong>excitare</strong></span> <span class='ocrx_word' id='word_1_53' title='bbox 1375 891 1736 967; x_wconf 79' lang='lat' dir='ltr'><strong>potuissent3</strong></span> <span class='ocrx_word' id='word_1_54' title='bbox 1776 908 2028 969; x_wconf 89' lang='lat' dir='ltr'><strong>quorum</strong></span> <span class='ocrx_word' id='word_1_55' title='bbox 2060 889 2300 967; x_wconf 87' lang='lat' dir='ltr'><strong>quidem</strong></span> 
     </span>
     <span class='ocr_line' id='line_1_8' title="bbox 417 988 2302 1066; baseline 0.001 -19"><span class='ocrx_word' id='word_1_56' title='bbox 417 990 677 1048; x_wconf 88' lang='lat' dir='ltr'><strong>animum</strong></span> <span class='ocrx_word' id='word_1_57' title='bbox 705 997 769 1047; x_wconf 91' lang='lat' dir='ltr'><strong>tu</strong></span> <span class='ocrx_word' id='word_1_58' title='bbox 795 1006 917 1046; x_wconf 88' lang='lat' dir='ltr'><strong>non</strong></span> <span class='ocrx_word' id='word_1_59' title='bbox 944 989 1285 1066; x_wconf 82' lang='lat' dir='ltr'><strong>perspexisti</strong></span> <span class='ocrx_word' id='word_1_60' title='bbox 1314 988 1518 1059; x_wconf 88' lang='lat' dir='ltr'><strong>solum,</strong></span> <span class='ocrx_word' id='word_1_61' title='bbox 1549 1006 1684 1047; x_wconf 88' lang='lat' dir='ltr'><strong>cum</strong></span> <span class='ocrx_word' id='word_1_62' title='bbox 1713 988 1787 1048; x_wconf 90' lang='lat' dir='ltr'><strong>de</strong></span> <span class='ocrx_word' id='word_1_63' title='bbox 1819 1007 1915 1048; x_wconf 90' lang='lat' dir='ltr'><strong>me</strong></span> <span class='ocrx_word' id='word_1_64' title='bbox 1943 1006 2166 1065; x_wconf 78' lang='lat' dir='ltr'><strong>agereS‚</strong></span> <span class='ocrx_word' id='word_1_65' title='bbox 2194 988 2302 1049; x_wconf 89' lang='lat' dir='ltr'><strong>sed</strong></span> 
     </span>
     <span class='ocr_line' id='line_1_9' title="bbox 416 1052 2304 1165; baseline -0.002 -17"><span class='ocrx_word' id='word_1_66' title='bbox 416 1089 595 1148; x_wconf 89' lang='lat' dir='ltr'><strong>etiam</strong></span> <span class='ocrx_word' id='word_1_67' title='bbox 642 1087 996 1147; x_wconf 89' lang='lat' dir='ltr'><strong>confirmasti</strong></span> <span class='ocrx_word' id='word_1_68' title='bbox 1039 1099 1213 1165; x_wconf 88' lang='lat' dir='ltr'><strong>atque</strong></span> <span class='ocrx_word' id='word_1_69' title='bbox 1267 1088 1516 1148; x_wconf 85' lang='lat' dir='ltr'><strong>tenuisti.</strong></span> <span class='ocrx_word' id='word_1_70' title='bbox 1529 1052 1695 1161; x_wconf 56' lang='lat'><strong>714.</strong></span> <span class='ocrx_word' id='word_1_71' title='bbox 1741 1086 1878 1161; x_wconf 86' lang='lat' dir='ltr'><strong>Qua</strong></span> <span class='ocrx_word' id='word_1_72' title='bbox 1930 1088 1992 1146; x_wconf 91' lang='lat' dir='ltr'><strong>in</strong></span> <span class='ocrx_word' id='word_1_73' title='bbox 2037 1104 2304 1146; x_wconf 86' lang='lat' dir='ltr'><strong>causa—-</strong></span> 
     </span>
     <span class='ocr_line' id='line_1_10' title="bbox 416 1188 2303 1265; baseline 0.001 -18"><span class='ocrx_word' id='word_1_74' title='bbox 416 1207 541 1247; x_wconf 89' lang='lat' dir='ltr'><strong>non</strong></span> <span class='ocrx_word' id='word_1_75' title='bbox 566 1189 749 1247; x_wconf 88' lang='lat' dir='ltr'><strong>modo</strong></span> <span class='ocrx_word' id='word_1_76' title='bbox 775 1206 896 1247; x_wconf 92' lang='lat' dir='ltr'><strong>non</strong></span> <span class='ocrx_word' id='word_1_77' title='bbox 926 1188 1174 1265; x_wconf 88' lang='lat' dir='ltr'><strong>negabo,</strong></span> <span class='ocrx_word' id='word_1_78' title='bbox 1204 1188 1311 1250; x_wconf 90' lang='lat' dir='ltr'><strong>sed</strong></span> <span class='ocrx_word' id='word_1_79' title='bbox 1338 1188 1512 1246; x_wconf 88' lang='lat' dir='ltr'><strong>etiam</strong></span> <span class='ocrx_word' id='word_1_80' title='bbox 1541 1204 1774 1265; x_wconf 84' lang='lat' dir='ltr'><strong>semper</strong></span> <span class='ocrx_word' id='word_1_81' title='bbox 1797 1198 1856 1247; x_wconf 92' lang='lat' dir='ltr'><strong>et</strong></span> <span class='ocrx_word' id='word_1_82' title='bbox 1890 1188 2214 1247; x_wconf 88' lang='lat' dir='ltr'><strong>meminero</strong></span> <span class='ocrx_word' id='word_1_83' title='bbox 2240 1198 2303 1249; x_wconf 89' lang='lat' dir='ltr'><strong>et</strong></span> 
     </span>
     <span class='ocr_line' id='line_1_11' title="bbox 416 1283 2302 1362; baseline 0.001 -18"><span class='ocrx_word' id='word_1_84' title='bbox 416 1284 768 1361; x_wconf 85' lang='lat' dir='ltr'><strong>praedicabo</strong></span> <span class='ocrx_word' id='word_1_85' title='bbox 795 1283 1257 1343; x_wconf 89' lang='lat' dir='ltr'><strong>libenter—usus</strong></span> <span class='ocrx_word' id='word_1_86' title='bbox 1294 1302 1360 1343; x_wconf 92' lang='lat' dir='ltr'><strong>es</strong></span> <span class='ocrx_word' id='word_1_87' title='bbox 1395 1284 1744 1362; x_wconf 87' lang='lat' dir='ltr'><strong>quibusdam</strong></span> <span class='ocrx_word' id='word_1_88' title='bbox 1781 1285 2154 1345; x_wconf 85' lang='lat' dir='ltr'><strong>nobilissimis</strong></span> <span class='ocrx_word' id='word_1_89' title='bbox 2189 1284 2302 1346; x_wconf 84' lang='lat' dir='ltr'><strong>ho·</strong></span> 
     </span>
     <span class='ocr_line' id='line_1_12' title="bbox 417 1379 2301 1460; baseline 0.002 -21"><span class='ocrx_word' id='word_1_90' title='bbox 417 1382 673 1439; x_wconf 87' lang='lat' dir='ltr'><strong>minibus</strong></span> <span class='ocrx_word' id='word_1_91' title='bbox 711 1381 1038 1441; x_wconf 88' lang='lat' dir='ltr'><strong>fortioribus</strong></span> <span class='ocrx_word' id='word_1_92' title='bbox 1066 1382 1126 1440; x_wconf 89' lang='lat' dir='ltr'><strong>in</strong></span> <span class='ocrx_word' id='word_1_93' title='bbox 1153 1400 1250 1441; x_wconf 88' lang='lat' dir='ltr'><strong>me</strong></span> <span class='ocrx_word' id='word_1_94' title='bbox 1274 1382 1647 1451; x_wconf 86' lang='lat' dir='ltr'><strong>restituendo,</strong></span> <span class='ocrx_word' id='word_1_95' title='bbox 1675 1400 1854 1460; x_wconf 88' lang='lat' dir='ltr'><strong>quam</strong></span> <span class='ocrx_word' id='word_1_96' title='bbox 1889 1379 2117 1441; x_wconf 84' lang='lat' dir='ltr'><strong>fuerant</strong></span> <span class='ocrx_word' id='word_1_97' title='bbox 2141 1381 2301 1443; x_wconf 90' lang='lat' dir='ltr'><strong>idem</strong></span> 
     </span>
     <span class='ocr_line' id='line_1_13' title="bbox 414 1478 2300 1556; baseline 0.002 -19"><span class='ocrx_word' id='word_1_98' title='bbox 414 1478 479 1537; x_wconf 87' lang='lat' dir='ltr'><strong>in</strong></span> <span class='ocrx_word' id='word_1_99' title='bbox 508 1478 802 1552; x_wconf 88' lang='lat' dir='ltr'><strong>tenendo;</strong></span> <span class='ocrx_word' id='word_1_100' title='bbox 845 1497 962 1556; x_wconf 90' lang='lat' dir='ltr'><strong>qua</strong></span> <span class='ocrx_word' id='word_1_101' title='bbox 995 1480 1059 1539; x_wconf 88' lang='lat' dir='ltr'><strong>in</strong></span> <span class='ocrx_word' id='word_1_102' title='bbox 1086 1480 1373 1540; x_wconf 88' lang='lat' dir='ltr'><strong>sententia</strong></span> <span class='ocrx_word' id='word_1_103' title='bbox 1399 1480 1448 1539; x_wconf 92' lang='lat' dir='ltr'><strong>si</strong></span> <span class='ocrx_word' id='word_1_104' title='bbox 1473 1490 1742 1539; x_wconf 87' lang='lat' dir='ltr'><strong>constare</strong></span> <span class='ocrx_word' id='word_1_105' title='bbox 1769 1480 2102 1551; x_wconf 85' lang='lat' dir='ltr'><strong>voluissent,</strong></span> <span class='ocrx_word' id='word_1_106' title='bbox 2129 1498 2300 1540; x_wconf 86' lang='lat' dir='ltr'><strong>suam</strong></span> 
     </span>
    </p>
   </div>
   <div class='ocr_carea' id='block_1_3' title="bbox 2629 0 2632 977">
    <p class='ocr_par' dir='ltr' id='par_1_3' title="bbox 2629 0 2632 977">
     <span class='ocr_line' id='line_1_14' title="bbox 2629 0 2632 977; baseline 0 0"><span class='ocrx_word' id='word_1_107' title='bbox 2629 0 2632 977; x_wconf 95' lang='lat' dir='ltr'><strong> </strong></span> 
     </span>
    </p>
   </div>
   <div class='ocr_carea' id='block_1_4' title="bbox 414 1576 2398 1654">
    <p class='ocr_par' dir='ltr' id='par_1_4' title="bbox 414 1576 2398 1654">
     <span class='ocr_line' id='line_1_15' title="bbox 414 1576 2398 1654; baseline 0.001 -19"><span class='ocrx_word' id='word_1_108' title='bbox 414 1576 815 1636; x_wconf 88' lang='lat' dir='ltr'><strong>auctoritatem</strong></span> <span class='ocrx_word' id='word_1_109' title='bbox 857 1577 1027 1636; x_wconf 91' lang='lat' dir='ltr'><strong>simul</strong></span> <span class='ocrx_word' id='word_1_110' title='bbox 1067 1596 1202 1637; x_wconf 86' lang='lat' dir='ltr'><strong>cum</strong></span> <span class='ocrx_word' id='word_1_111' title='bbox 1244 1576 1429 1636; x_wconf 84' lang='lat' dir='ltr'><strong>salute</strong></span> <span class='ocrx_word' id='word_1_112' title='bbox 1469 1595 1602 1636; x_wconf 89' lang='lat' dir='ltr'><strong>mea</strong></span> <span class='ocrx_word' id='word_1_113' title='bbox 1640 1586 2098 1654; x_wconf 85' lang='lat' dir='ltr'><strong>recuperassent.</strong></span> <span class='ocrx_word' id='word_1_114' title='bbox 2179 1577 2303 1637; x_wconf 90' lang='lat' dir='ltr'><strong>Re·</strong></span> <span class='ocrx_word' id='word_1_115' title='bbox 2386 1610 2398 1620; x_wconf 91' lang='lat'><strong>·</strong></span> 
     </span>
    </p>
   </div>
   <div class='ocr_carea' id='block_1_5' title="bbox 345 1674 2310 3517">
    <p class='ocr_par' dir='ltr' id='par_1_5' title="bbox 345 1674 2310 3517">
     <span class='ocr_line' id='line_1_16' title="bbox 418 1674 2304 1737; baseline 0.001 -2"><span class='ocrx_word' id='word_1_116' title='bbox 418 1674 625 1735; x_wconf 90' lang='lat' dir='ltr'><strong>creatis</strong></span> <span class='ocrx_word' id='word_1_117' title='bbox 667 1676 822 1734; x_wconf 90' lang='lat' dir='ltr'><strong>enim</strong></span> <span class='ocrx_word' id='word_1_118' title='bbox 863 1676 1039 1735; x_wconf 91' lang='lat' dir='ltr'><strong>bonis</strong></span> <span class='ocrx_word' id='word_1_119' title='bbox 1078 1676 1211 1735; x_wconf 87' lang='lat' dir='ltr'><strong>viris</strong></span> <span class='ocrx_word' id='word_1_120' title='bbox 1252 1674 1556 1735; x_wconf 89' lang='lat' dir='ltr'><strong>consulatu</strong></span> <span class='ocrx_word' id='word_1_121' title='bbox 1591 1686 1694 1735; x_wconf 92' lang='lat' dir='ltr'><strong>tuo</strong></span> <span class='ocrx_word' id='word_1_122' title='bbox 1721 1686 1781 1735; x_wconf 87' lang='lat' dir='ltr'><strong>et</strong></span> <span class='ocrx_word' id='word_1_123' title='bbox 1819 1677 2304 1737; x_wconf 87' lang='lat' dir='ltr'><strong>constantissimis</strong></span> 
     </span>
     <span class='ocr_line' id='line_1_17' title="bbox 415 1772 2309 1852; baseline 0.002 -21"><span class='ocrx_word' id='word_1_124' title='bbox 415 1783 590 1851; x_wconf 88' lang='lat' dir='ltr'><strong>atque</strong></span> <span class='ocrx_word' id='word_1_125' title='bbox 620 1775 855 1851; x_wconf 90' lang='lat' dir='ltr'><strong>optimis</strong></span> <span class='ocrx_word' id='word_1_126' title='bbox 883 1774 1206 1833; x_wconf 88' lang='lat' dir='ltr'><strong>actionibus</strong></span> <span class='ocrx_word' id='word_1_127' title='bbox 1234 1773 1346 1833; x_wconf 89' lang='lat' dir='ltr'><strong>tuis</strong></span> <span class='ocrx_word' id='word_1_128' title='bbox 1373 1773 1647 1845; x_wconf 85' lang='lat' dir='ltr'><strong>excitatis,</strong></span> <span class='ocrx_word' id='word_1_129' title='bbox 1679 1772 1789 1832; x_wconf 90' lang='lat' dir='ltr'><strong>Cn.</strong></span> <span class='ocrx_word' id='word_1_130' title='bbox 1819 1772 2104 1850; x_wconf 90' lang='lat' dir='ltr'><strong>Pompeio</strong></span> <span class='ocrx_word' id='word_1_131' title='bbox 2132 1792 2309 1852; x_wconf 76' lang='lat' dir='ltr'><strong>prae-</strong></span> 
     </span>
     <span class='ocr_line' id='line_1_18' title="bbox 416 1860 2304 1943; baseline 0.001 -11"><span class='ocrx_word' id='word_1_132' title='bbox 416 1873 613 1932; x_wconf 87' lang='lat' dir='ltr'><strong>sertim</strong></span> <span class='ocrx_word' id='word_1_133' title='bbox 668 1873 744 1931; x_wconf 88' lang='lat' dir='ltr'><strong>ad</strong></span> <span class='ocrx_word' id='word_1_134' title='bbox 799 1891 1036 1932; x_wconf 87' lang='lat' dir='ltr'><strong>causam</strong></span> <span class='ocrx_word' id='word_1_135' title='bbox 1092 1860 1381 1943; x_wconf 86' lang='lat' dir='ltr'><strong>adiunct0,</strong></span> <span class='ocrx_word' id='word_1_136' title='bbox 1437 1890 1574 1930; x_wconf 90' lang='lat' dir='ltr'><strong>cum</strong></span> <span class='ocrx_word' id='word_1_137' title='bbox 1627 1872 1801 1930; x_wconf 85' lang='lat' dir='ltr'><strong>e&#39;tiam</strong></span> <span class='ocrx_word' id='word_1_138' title='bbox 1856 1868 2074 1933; x_wconf 87' lang='lat' dir='ltr'><strong>Caesar</strong></span> <span class='ocrx_word' id='word_1_139' title='bbox 2123 1875 2304 1933; x_wconf 80' lang='lat' dir='ltr'><strong>rebus</strong></span> 
     </span>
     <span class='ocr_line' id='line_1_19' title="bbox 414 1970 2306 2051; baseline 0.002 -22"><span class='ocrx_word' id='word_1_140' title='bbox 414 1972 685 2045; x_wconf 87' lang='lat' dir='ltr'><strong>maximis</strong></span> <span class='ocrx_word' id='word_1_141' title='bbox 712 1973 892 2048; x_wconf 87' lang='lat' dir='ltr'><strong>gestis</strong></span> <span class='ocrx_word' id='word_1_142' title='bbox 922 1971 1303 2048; x_wconf 87' lang='lat' dir='ltr'><strong>singularibus</strong></span> <span class='ocrx_word' id='word_1_143' title='bbox 1333 1981 1570 2030; x_wconf 89' lang='lat' dir='ltr'><strong>ornatus</strong></span> <span class='ocrx_word' id='word_1_144' title='bbox 1598 1981 1655 2029; x_wconf 91' lang='lat' dir='ltr'><strong>et</strong></span> <span class='ocrx_word' id='word_1_145' title='bbox 1688 1971 1853 2051; x_wconf 74' lang='lat' dir='ltr'><strong>novis</strong></span> <span class='ocrx_word' id='word_1_146' title='bbox 1881 1970 2203 2031; x_wconf 87' lang='lat' dir='ltr'><strong>honoribus</strong></span> <span class='ocrx_word' id='word_1_147' title='bbox 2228 1989 2306 2032; x_wconf 80' lang='lat' dir='ltr'><strong>ae-</strong></span> 
     </span>
     <span class='ocr_line' id='line_1_20' title="bbox 417 2067 2300 2144; baseline 0.001 -18"><span class='ocrx_word' id='word_1_148' title='bbox 417 2068 643 2128; x_wconf 87' lang='lat' dir='ltr'><strong>iudiciis</strong></span> <span class='ocrx_word' id='word_1_149' title='bbox 672 2080 909 2129; x_wconf 87' lang='lat' dir='ltr'><strong>senatus</strong></span> <span class='ocrx_word' id='word_1_150' title='bbox 936 2069 1012 2128; x_wconf 88' lang='lat' dir='ltr'><strong>ad</strong></span> <span class='ocrx_word' id='word_1_151' title='bbox 1040 2069 1442 2129; x_wconf 78' lang='lat' dir='ltr'><strong>auctoritatem</strong></span> <span class='ocrx_word' id='word_1_152' title='bbox 1478 2069 1602 2127; x_wconf 89' lang='lat' dir='ltr'><strong>eius</strong></span> <span class='ocrx_word' id='word_1_153' title='bbox 1629 2067 1848 2127; x_wconf 86' lang='lat' dir='ltr'><strong>ordinis</strong></span> <span class='ocrx_word' id='word_1_154' title='bbox 1875 2069 2300 2144; x_wconf 86' lang='lat' dir='ltr'><strong>adiungeretur,</strong></span> 
     </span>
     <span class='ocr_line' id='line_1_21' title="bbox 415 2165 2302 2243; baseline 0.002 -18"><span class='ocrx_word' id='word_1_155' title='bbox 415 2166 554 2231; x_wconf 86' lang='lat' dir='ltr'><strong>nulli</strong></span> <span class='ocrx_word' id='word_1_156' title='bbox 583 2167 851 2243; x_wconf 90' lang='lat' dir='ltr'><strong>improbo</strong></span> <span class='ocrx_word' id='word_1_157' title='bbox 880 2167 990 2226; x_wconf 88' lang='lat' dir='ltr'><strong>civi</strong></span> <span class='ocrx_word' id='word_1_158' title='bbox 1023 2166 1189 2227; x_wconf 91' lang='lat' dir='ltr'><strong>locus</strong></span> <span class='ocrx_word' id='word_1_159' title='bbox 1216 2167 1292 2225; x_wconf 92' lang='lat' dir='ltr'><strong>ad</strong></span> <span class='ocrx_word' id='word_1_160' title='bbox 1324 2185 1450 2226; x_wconf 89' lang='lat' dir='ltr'><strong>rem</strong></span> <span class='ocrx_word' id='word_1_161' title='bbox 1484 2165 1777 2243; x_wconf 91' lang='lat' dir='ltr'><strong>publicam</strong></span> <span class='ocrx_word' id='word_1_162' title='bbox 1811 2165 2143 2226; x_wconf 89' lang='lat' dir='ltr'><strong>violandam</strong></span> <span class='ocrx_word' id='word_1_163' title='bbox 2169 2185 2302 2228; x_wconf 86' lang='lat' dir='ltr'><strong>esse</strong></span> 
     </span>
     <span class='ocr_line' id='line_1_22' title="bbox 416 2237 2305 2341; baseline 0.002 -21"><span class='ocrx_word' id='word_1_164' title='bbox 416 2263 718 2341; x_wconf 89' lang='lat' dir='ltr'><strong>potuisset.</strong></span> <span class='ocrx_word' id='word_1_165' title='bbox 738 2237 794 2317; x_wconf 60' lang='grc' dir='ltr'><strong>Ρ</strong></span> <span class='ocrx_word' id='word_1_166' title='bbox 807 2277 898 2338; x_wconf 82' lang='lat'><strong>15.</strong></span> <span class='ocrx_word' id='word_1_167' title='bbox 944 2263 1060 2324; x_wconf 90' lang='lat' dir='ltr'><strong>Sed</strong></span> <span class='ocrx_word' id='word_1_168' title='bbox 1114 2265 1367 2336; x_wconf 88' lang='lat' dir='ltr'><strong>attende,</strong></span> <span class='ocrx_word' id='word_1_169' title='bbox 1424 2281 1662 2341; x_wconf 88' lang='lat' dir='ltr'><strong>quaeso,</strong></span> <span class='ocrx_word' id='word_1_170' title='bbox 1717 2281 1868 2341; x_wconf 90' lang='lat' dir='ltr'><strong>quae</strong></span> <span class='ocrx_word' id='word_1_171' title='bbox 1923 2263 2038 2322; x_wconf 89' lang='lat' dir='ltr'><strong>sint</strong></span> <span class='ocrx_word' id='word_1_172' title='bbox 2089 2281 2305 2324; x_wconf 85' lang='lat' dir='ltr'><strong>conse-</strong></span> 
     </span>
     <span class='ocr_line' id='line_1_23' title="bbox 416 2359 2306 2438; baseline 0.002 -21"><span class='ocrx_word' id='word_1_173' title='bbox 416 2369 585 2419; x_wconf 83' lang='lat' dir='ltr'><strong>cuta:</strong></span> <span class='ocrx_word' id='word_1_174' title='bbox 626 2360 879 2438; x_wconf 91' lang='lat' dir='ltr'><strong>primum</strong></span> <span class='ocrx_word' id='word_1_175' title='bbox 921 2361 1017 2420; x_wconf 89' lang='lat' dir='ltr'><strong>illa</strong></span> <span class='ocrx_word' id='word_1_176' title='bbox 1054 2361 1201 2420; x_wconf 87' lang='lat' dir='ltr'><strong>furia</strong></span> <span class='ocrx_word' id='word_1_177' title='bbox 1240 2361 1604 2420; x_wconf 87' lang='lat' dir='ltr'><strong>muliebrium</strong></span> <span class='ocrx_word' id='word_1_178' title='bbox 1643 2359 2007 2436; x_wconf 88' lang='lat' dir='ltr'><strong>religionum,</strong></span> <span class='ocrx_word' id='word_1_179' title='bbox 2039 2362 2142 2438; x_wconf 89' lang='lat' dir='ltr'><strong>qui</strong></span> <span class='ocrx_word' id='word_1_180' title='bbox 2174 2380 2306 2421; x_wconf 88' lang='lat' dir='ltr'><strong>non·</strong></span> 
     </span>
     <span class='ocr_line' id='line_1_24' title="bbox 415 2456 2304 2538; baseline 0.003 -24"><span class='ocrx_word' id='word_1_181' title='bbox 415 2456 593 2538; x_wconf 88' lang='lat' dir='ltr'><strong>pluris</strong></span> <span class='ocrx_word' id='word_1_182' title='bbox 630 2457 845 2518; x_wconf 83' lang='lat' dir='ltr'><strong>fecerat</strong></span> <span class='ocrx_word' id='word_1_183' title='bbox 882 2459 1112 2518; x_wconf 90' lang='lat' dir='ltr'><strong>Bonam</strong></span> <span class='ocrx_word' id='word_1_184' title='bbox 1143 2461 1313 2520; x_wconf 90' lang='lat' dir='ltr'><strong>deam</strong></span> <span class='ocrx_word' id='word_1_185' title='bbox 1352 2477 1532 2537; x_wconf 88' lang='lat' dir='ltr'><strong>quam</strong></span> <span class='ocrx_word' id='word_1_186' title='bbox 1566 2469 1684 2518; x_wconf 90' lang='lat' dir='ltr'><strong>tres</strong></span> <span class='ocrx_word' id='word_1_187' title='bbox 1711 2476 1961 2529; x_wconf 88' lang='lat' dir='ltr'><strong>sorores,</strong></span> <span class='ocrx_word' id='word_1_188' title='bbox 1987 2458 2304 2536; x_wconf 86' lang='lat' dir='ltr'><strong>impunita-</strong></span> 
     </span>
     <span class='ocr_line' id='line_1_25' title="bbox 414 2556 2305 2634; baseline 0.001 -18"><span class='ocrx_word' id='word_1_189' title='bbox 414 2565 535 2616; x_wconf 87' lang='lat' dir='ltr'><strong>tem</strong></span> <span class='ocrx_word' id='word_1_190' title='bbox 563 2567 651 2616; x_wconf 89' lang='lat' dir='ltr'><strong>est</strong></span> <span class='ocrx_word' id='word_1_191' title='bbox 679 2556 907 2615; x_wconf 91' lang='lat' dir='ltr'><strong>illorum</strong></span> <span class='ocrx_word' id='word_1_192' title='bbox 946 2557 1243 2616; x_wconf 88' lang='lat' dir='ltr'><strong>sententiis</strong></span> <span class='ocrx_word' id='word_1_193' title='bbox 1272 2557 1598 2630; x_wconf 82' lang='lat' dir='ltr'><strong>adsecutuS,</strong></span> <span class='ocrx_word' id='word_1_194' title='bbox 1625 2556 1742 2633; x_wconf 91' lang='lat' dir='ltr'><strong>qui,</strong></span> <span class='ocrx_word' id='word_1_195' title='bbox 1767 2573 1905 2614; x_wconf 90' lang='lat' dir='ltr'><strong>cum</strong></span> <span class='ocrx_word' id='word_1_196' title='bbox 1929 2556 2195 2616; x_wconf 90' lang='lat' dir='ltr'><strong>tribunus</strong></span> <span class='ocrx_word' id='word_1_197' title='bbox 2221 2558 2305 2634; x_wconf 58' lang='lat' dir='ltr'><strong>pl,</strong></span> 
     </span>
     <span class='ocr_line' id='line_1_26' title="bbox 413 2653 2306 2734; baseline 0 -21"><span class='ocrx_word' id='word_1_198' title='bbox 413 2673 639 2731; x_wconf 82' lang='lat' dir='ltr'><strong>poenas</strong></span> <span class='ocrx_word' id='word_1_199' title='bbox 633 2654 1011 2730; x_wconf 46' lang='lat' dir='ltr'><strong>‘aseditioso</strong></span> <span class='ocrx_word' id='word_1_200' title='bbox 1056 2654 1165 2714; x_wconf 88' lang='lat' dir='ltr'><strong>civi</strong></span> <span class='ocrx_word' id='word_1_201' title='bbox 1202 2671 1311 2734; x_wconf 92' lang='lat' dir='ltr'><strong>per</strong></span> <span class='ocrx_word' id='word_1_202' title='bbox 1347 2655 1540 2714; x_wconf 92' lang='lat' dir='ltr'><strong>bonos</strong></span> <span class='ocrx_word' id='word_1_203' title='bbox 1580 2655 1736 2713; x_wconf 85' lang='lat' dir='ltr'><strong>viros</strong></span> <span class='ocrx_word' id='word_1_204' title='bbox 1779 2653 1992 2713; x_wconf 90' lang='lat' dir='ltr'><strong>iudicio</strong></span> <span class='ocrx_word' id='word_1_205' title='bbox 2013 2657 2306 2732; x_wconf 70' lang='lat' dir='ltr'><strong>,persequi</strong></span> 
     </span>
     <span class='ocr_line' id='line_1_27' title="bbox 412 2752 2300 2831; baseline 0 -21"><span class='ocrx_word' id='word_1_206' title='bbox 412 2752 597 2824; x_wconf 85' lang='lat' dir='ltr'><strong>vellet,</strong></span> <span class='ocrx_word' id='word_1_207' title='bbox 628 2752 964 2830; x_wconf 83' lang='lat' dir='ltr'><strong>exemplum</strong></span> <span class='ocrx_word' id='word_1_208' title='bbox 1004 2752 1524 2831; x_wconf 87' lang='lat' dir='ltr'><strong>praeclarissimum</strong></span> <span class='ocrx_word' id='word_1_209' title='bbox 1565 2753 1627 2811; x_wconf 86' lang='lat' dir='ltr'><strong>in</strong></span> <span class='ocrx_word' id='word_1_210' title='bbox 1667 2761 1966 2830; x_wconf 87' lang='lat' dir='ltr'><strong>posterum</strong></span> <span class='ocrx_word' id='word_1_211' title='bbox 2006 2753 2300 2829; x_wconf 76' lang='lat' dir='ltr'><strong>vindican-¹</strong></span> 
     </span>
     <span class='ocr_line' id='line_1_28' title="bbox 416 2823 2304 2929; baseline -0.001 -19"><span class='ocrx_word' id='word_1_212' title='bbox 416 2847 526 2910; x_wconf 83' lang='lat' dir='ltr'><strong>dae</strong></span> <span class='ocrx_word' id='word_1_213' title='bbox 556 2850 855 2910; x_wconf 90' lang='lat' dir='ltr'><strong>seditionis</strong></span> <span class='ocrx_word' id='word_1_214' title='bbox 892 2850 968 2910; x_wconf 92' lang='lat' dir='ltr'><strong>de</strong></span> <span class='ocrx_word' id='word_1_215' title='bbox 1003 2869 1067 2910; x_wconf 89' lang='lat' dir='ltr'><strong>re</strong></span> <span class='ocrx_word' id='word_1_216' title='bbox 1103 2851 1338 2929; x_wconf 91' lang='lat' dir='ltr'><strong>publica</strong></span> <span class='ocrx_word' id='word_1_217' title='bbox 1374 2849 1723 2910; x_wconf 89' lang='lat' dir='ltr'><strong>sustulerunt</strong></span> <span class='ocrx_word' id='word_1_218' title='bbox 1737 2823 2066 2927; x_wconf 44' lang='lat' dir='ltr'><strong>fidemque</strong></span> <span class='ocrx_word' id='word_1_219' title='bbox 2093 2859 2304 2927; x_wconf 91' lang='lat' dir='ltr'><strong>postea</strong></span> 
     </span>
     <span class='ocr_line' id='line_1_29' title="bbox 412 2946 2310 3010; baseline 0.003 -6"><span class='ocrx_word' id='word_1_220' title='bbox 412 2964 535 3005; x_wconf 89' lang='lat' dir='ltr'><strong>non</strong></span> <span class='ocrx_word' id='word_1_221' title='bbox 590 2966 789 3006; x_wconf 91' lang='lat' dir='ltr'><strong>meum</strong></span> <span class='ocrx_word' id='word_1_222' title='bbox 842 2961 1290 3008; x_wconf 89' lang='lat' dir='ltr'><strong>monumentum</strong></span> <span class='ocrx_word' id='word_1_223' title='bbox 1308 2981 1396 2994; x_wconf 91' lang='lat'><strong>—-</strong></span> <span class='ocrx_word' id='word_1_224' title='bbox 1413 2966 1538 3008; x_wconf 89' lang='lat' dir='ltr'><strong>non</strong></span> <span class='ocrx_word' id='word_1_225' title='bbox 1590 2947 1748 3006; x_wconf 88' lang='lat' dir='ltr'><strong>enim</strong></span> <span class='ocrx_word' id='word_1_226' title='bbox 1803 2946 1931 3005; x_wconf 85' lang='lat' dir='ltr'><strong>illae</strong></span> <span class='ocrx_word' id='word_1_227' title='bbox 1992 2949 2310 3010; x_wconf 77' lang='lat' dir='ltr'><strong>manubiae</strong></span> 
     </span>
     <span class='ocr_line' id='line_1_30' title="bbox 415 3043 2302 3121; baseline 0.003 -19"><span class='ocrx_word' id='word_1_228' title='bbox 415 3061 600 3116; x_wconf 86' lang='lat' dir='ltr'><strong>meae,</strong></span> <span class='ocrx_word' id='word_1_229' title='bbox 658 3044 764 3104; x_wconf 84' lang='lat' dir='ltr'><strong>sed</strong></span> <span class='ocrx_word' id='word_1_230' title='bbox 818 3047 1013 3121; x_wconf 86' lang='lat' dir='ltr'><strong>operis</strong></span> <span class='ocrx_word' id='word_1_231' title='bbox 1068 3046 1281 3105; x_wconf 91' lang='lat' dir='ltr'><strong>locatio</strong></span> <span class='ocrx_word' id='word_1_232' title='bbox 1337 3064 1472 3104; x_wconf 90' lang='lat' dir='ltr'><strong>mea</strong></span> <span class='ocrx_word' id='word_1_233' title='bbox 1526 3043 1808 3115; x_wconf 84' lang='lat' dir='ltr'><strong>fuerat—,</strong></span> <span class='ocrx_word' id='word_1_234' title='bbox 1854 3055 2302 3107; x_wconf 90' lang='lat' dir='ltr'><strong>monumentum</strong></span> 
     </span>
     <span class='ocr_line' id='line_1_31' title="bbox 412 3127 2303 3205; baseline 0.003 -7"><span class='ocrx_word' id='word_1_235' title='bbox 412 3157 554 3200; x_wconf 84' lang='lat' dir='ltr'><strong>vero</strong></span> <span class='ocrx_word' id='word_1_236' title='bbox 597 3151 830 3199; x_wconf 90' lang='lat' dir='ltr'><strong>senatus</strong></span> <span class='ocrx_word' id='word_1_237' title='bbox 879 3140 1072 3202; x_wconf 87' lang='lat' dir='ltr'><strong>hostili</strong></span> <span class='ocrx_word' id='word_1_238' title='bbox 1120 3127 1360 3205; x_wconf 74' lang='lat' dir='ltr'><strong>nomifie</strong></span> <span class='ocrx_word' id='word_1_239' title='bbox 1405 3153 1465 3202; x_wconf 91' lang='lat' dir='ltr'><strong>et</strong></span> <span class='ocrx_word' id='word_1_240' title='bbox 1511 3140 1762 3201; x_wconf 87' lang='lat' dir='ltr'><strong>cruentis</strong></span> <span class='ocrx_word' id='word_1_241' title='bbox 1809 3140 2066 3201; x_wconf 88' lang='lat' dir='ltr'><strong>inustum</strong></span> <span class='ocrx_word' id='word_1_242' title='bbox 2103 3141 2303 3204; x_wconf 85' lang='lat' dir='ltr'><strong>litteris</strong></span> 
     </span>
     <span class='ocr_line' id='line_1_32' title="bbox 345 3237 2304 3316; baseline 0.003 -21"><span class='ocrx_word' id='word_1_243' title='bbox 345 3248 355 3258; x_wconf 89' lang='lat'><strong>·</strong></span> <span class='ocrx_word' id='word_1_244' title='bbox 413 3255 547 3296; x_wconf 74' lang='lat' dir='ltr'><strong>vesse</strong></span> <span class='ocrx_word' id='word_1_245' title='bbox 594 3237 750 3312; x_wconf 85' lang='lat' dir='ltr'><strong>passi</strong></span> <span class='ocrx_word' id='word_1_246' title='bbox 808 3246 957 3296; x_wconf 83' lang='lat' dir='ltr'><strong>sunt.</strong></span> <span class='ocrx_word' id='word_1_247' title='bbox 1042 3239 1162 3312; x_wconf 89' lang='lat' dir='ltr'><strong>Qui</strong></span> <span class='ocrx_word' id='word_1_248' title='bbox 1215 3258 1312 3301; x_wconf 89' lang='lat' dir='ltr'><strong>me</strong></span> <span class='ocrx_word' id='word_1_249' title='bbox 1366 3238 1634 3301; x_wconf 87' lang='lat' dir='ltr'><strong>homines</strong></span> <span class='ocrx_word' id='word_1_250' title='bbox 1688 3237 1852 3316; x_wconf 89' lang='lat' dir='ltr'><strong>quod</strong></span> <span class='ocrx_word' id='word_1_251' title='bbox 1895 3237 2118 3296; x_wconf 86' lang='lat' dir='ltr'><strong>salvum</strong></span> <span class='ocrx_word' id='word_1_252' title='bbox 2169 3258 2304 3300; x_wconf 86' lang='lat' dir='ltr'><strong>esse</strong></span> 
     </span>
     <span class='ocr_line' id='line_1_33' title="bbox 416 3335 2300 3414; baseline 0.003 -20"><span class='ocrx_word' id='word_1_253' title='bbox 416 3335 739 3408; x_wconf 85' lang='lat' dir='ltr'><strong>voluerunt,</strong></span> <span class='ocrx_word' id='word_1_254' title='bbox 770 3347 859 3394; x_wconf 90' lang='lat' dir='ltr'><strong>est</strong></span> <span class='ocrx_word' id='word_1_255' title='bbox 900 3336 1041 3395; x_wconf 90' lang='lat' dir='ltr'><strong>mihi</strong></span> <span class='ocrx_word' id='word_1_256' title='bbox 1083 3339 1514 3414; x_wconf 81' lang='lat' dir='ltr'><strong>gratissimum3</strong></span> <span class='ocrx_word' id='word_1_257' title='bbox 1555 3336 1660 3397; x_wconf 89' lang='lat' dir='ltr'><strong>sed</strong></span> <span class='ocrx_word' id='word_1_258' title='bbox 1701 3336 1906 3396; x_wconf 86' lang='lat' dir='ltr'><strong>vellem</strong></span> <span class='ocrx_word' id='word_1_259' title='bbox 1945 3353 2070 3396; x_wconf 92' lang='lat' dir='ltr'><strong>non</strong></span> <span class='ocrx_word' id='word_1_260' title='bbox 2110 3337 2300 3400; x_wconf 86' lang='lat' dir='ltr'><strong>solum</strong></span> 
     </span>
     <span class='ocr_line' id='line_1_34' title="bbox 416 3431 2302 3517; baseline 0.002 -26"><span class='ocrx_word' id='word_1_261' title='bbox 416 3431 615 3517; x_wconf 77' lang='lat' dir='ltr'><strong>salutis</strong></span> <span class='ocrx_word' id='word_1_262' title='bbox 658 3451 843 3505; x_wconf 89' lang='lat' dir='ltr'><strong>meae,</strong></span> <span class='ocrx_word' id='word_1_263' title='bbox 896 3453 1072 3514; x_wconf 89' lang='lat' dir='ltr'><strong>quem</strong></span> <span class='ocrx_word' id='word_1_264' title='bbox 1120 3435 1198 3497; x_wconf 86' lang='lat' dir='ltr'><strong>ad</strong></span> <span class='ocrx_word' id='word_1_265' title='bbox 1231 3437 1485 3497; x_wconf 60' lang='lat' dir='ltr'><strong>&#39;modum</strong></span> <span class='ocrx_word' id='word_1_266' title='bbox 1525 3433 1755 3510; x_wconf 87' lang='lat' dir='ltr'><strong>medici,</strong></span> <span class='ocrx_word' id='word_1_267' title='bbox 1795 3433 1916 3512; x_wconf 84' lang='lat' dir='ltr'><strong>sed,</strong></span> <span class='ocrx_word' id='word_1_268' title='bbox 1959 3442 2026 3497; x_wconf 84' lang='lat' dir='ltr'><strong>ut</strong></span> <span class='ocrx_word' id='word_1_269' title='bbox 2071 3433 2302 3512; x_wconf 82' lang='lat' dir='ltr'><strong>aliptae,</strong></span> 
     </span>
    </p>
   </div>
  </div>
 </body>
</html>
