2642 3925
472 247 596 312 190
845 253 853 258 ·
1021 243 1105 296 u.
1145 243 1385 294 wrm
1418 244 1621 294 crem
1628 244 1795 295 oms
1839 247 1849 251 ·
2022 233 2032 238 ’
2099 234 2243 320 [ran
2264 249 2362 300 nr.

464 399 666 477 copias
701 417 896 478 neque
930 399 1267 475 bellicosas3
1309 401 1537 473 deinde,
1564 411 1727 462 extra
1762 400 1976 462 ducem
2009 421 2363 480 paucosque

461 500 915 576 praeterea—de
955 500 1310 576 principibus
1352 500 1663 578 loquor—,
1698 501 1953 577 reliquos
1992 503 2251 579 primum
2290 503 2363 561 in

461 596 595 674 ipso
649 596 802 656 bello
851 614 1110 673 rapaces,
1158 597 1370 655 deinde
1416 597 1478 655 in
1524 597 1789 656 oratione
1835 597 1916 656 ita
1962 597 2245 670 crudeles,
2286 608 2361 658 ut

461 693 651 770 ipsam
675 695 976 753 victoriam
1011 689 1345 768 horrerem3
1386 696 1710 754 maximum
1738 706 1934 754 autem
1962 714 2064 755 aes
2096 697 2361 755 alienum

461 792 952 868 amplissimorum
977 793 1244 853 virorum.
1332 791 1493 864 Quid
1530 794 1800 869 quaeris?
1840 794 1981 852 nihil
2007 795 2153 854 boni
2184 813 2361 872 prae·

459 900 550 950 ter
601 909 859 950 causam.
941 889 1112 962 Quae
1158 909 1296 949 cum
1342 891 1634 962 vidissem,
1680 892 2001 967 desperans
2046 893 2359 952 victoriam

458 989 712 1066 primum
777 987 950 1064 coepi
1015 987 1257 1048 suadere
1317 1005 1544 1065 pacem,
1599 988 1765 1046 cuius
1826 987 2053 1047 fueram
2116 1007 2357 1067 semper

460 1098 698 1160 auctor;
762 1087 990 1156 deinde,
1039 1104 1175 1145 cum
1223 1087 1299 1144 ab
1346 1103 1417 1144 ea
1465 1086 1753 1144 sententia
1807 1084 2128 1163 Pompeius
2183 1087 2357 1148 valde

457 1186 810 1254 abhorreret,
853 1182 1096 1243 suadere
1135 1183 1370 1254 institui,
1411 1192 1476 1241 ut
1514 1183 1731 1241 bellum
1772 1183 2044 1244 duceret:
2102 1185 2219 1244 hoc
2259 1187 2357 1245 in-

457 1284 688 1342 terdum
742 1282 1028 1359 probabat
1077 1290 1140 1340 et
1191 1281 1254 1339 in
1299 1299 1373 1339 ea
1419 1281 1707 1342 sententia
1757 1282 2058 1340 videbatur
2108 1281 2236 1343 fore
2290 1293 2359 1343 et

457 1381 660 1440 suisset
717 1380 974 1450 sortasse,
1029 1379 1141 1439 nisi
1193 1379 1449 1455 quadam
1502 1396 1577 1438 ex
1631 1396 1833 1455 pugna
1886 1380 2176 1455 coepisset
2233 1381 2355 1441 suis

459 1480 733 1539 militibus
785 1477 1096 1538 confidere.
1198 1475 1292 1536 Ex
1346 1495 1423 1536 eo
1477 1486 1743 1552 tempore
1797 1477 1882 1535 vir
1936 1478 2029 1536 ille
2084 1496 2355 1539 summus

456 1578 649 1637 nullus
689 1577 1000 1653 imperator
1035 1576 1174 1637 fuit:
1215 1575 1383 1651 signa
1418 1575 1607 1634 tirone
1636 1583 1695 1634 et
1731 1574 2052 1635 collecticio
2090 1578 2355 1638 exercitu

458 1694 593 1735 cum
632 1675 959 1751 legionibus
997 1673 1410 1733 robustissimis
1448 1672 1689 1730 contulit
1702 1691 1721 1745 ;
1784 1673 1969 1733 victus
2017 1675 2353 1750 turpissime

457 1775 687 1835 amissis
742 1775 917 1832 etiam
973 1773 1174 1832 castris
1228 1771 1392 1830 solus
1447 1769 1617 1846 fugit.
1704 1789 1756 1846 3.
1804 1770 1988 1830 Hunc
2042 1789 2158 1848 ego
2205 1772 2353 1832 mihi

454 1873 590 1932 belli
617 1873 794 1932 finem
821 1871 948 1942 feci,
977 1889 1088 1929 nec
1115 1869 1327 1946 putavi,
1357 1886 1493 1928 cum
1534 1869 1741 1945 integri
1780 1886 1969 1944 pares·
1990 1886 2113 1927 non
2142 1868 2351 1930 fuisse-

455 1991 604 2045 mus,
653 1971 870 2031 fractos
923 1969 1250 2047 superiores
1304 1966 1463 2039 fore;
1526 1966 1767 2027 discessi
1814 1968 1893 2025 ab
1938 1984 2015 2027 eo
2062 1968 2235 2041 bello,
2261 1970 2348 2029 ·in
2444 1966 2455 1982 “

456 2089 577 2148 quo
621 2081 723 2129 aut
768 2071 831 2129 in
877 2069 1000 2129 acie
1049 2066 1379 2137 cadendum
1425 2063 1533 2123 suit
1578 2076 1679 2123 aut
1725 2064 1789 2123 in
1834 2065 2055 2140 aliquas
2109 2066 2351 2127 insidias

457 2168 837 2227 incidendum
881 2174 981 2225 aut
1026 2164 1451 2224 deveniendum
1498 2163 1560 2221 in
1602 2162 1831 2237 victoris
1872 2180 2084 2222 manus
2126 2174 2229 2224 aut
2270 2166 2351 2225 ad

455 2266 667 2326 Iubam
729 2263 1188 2339 confugiendum
1247 2273 1346 2321 aut
1399 2260 1716 2337 capiendus
1778 2270 2080 2338 tamquam
2144 2263 2353 2323 exsilio

455 2363 620 2425 locus
661 2373 759 2422 aut
793 2360 1233 2449 consciscenda·
1251 2377 1413 2419 mors
1451 2358 1804 2419 voluntaria:
1858 2368 2012 2417 certe
2054 2359 2199 2418 nihil
2240 2360 2351 2421 suit

454 2470 772 2539 praeterea,
813 2459 862 2519 si
901 2467 960 2517 te
1001 2458 1202 2516 victori
1242 2456 1428 2516 nolles
1472 2466 1572 2515 aut
1618 2474 1740 2513 non
1784 2455 2029 2515 auderes
2072 2458 2347 2516 commit-

452 2570 592 2621 tere.
691 2558 783 2617 Ex
837 2556 1108 2616 omnibus
1160 2564 1358 2614 autem
1412 2555 1498 2626 iis,
1553 2571 1704 2629 quae
1760 2553 1899 2624 dixi,
1954 2554 2349 2615 incommodis

451 2658 596 2722 nihil
643 2655 994 2717 tolerabilius
1036 2653 1256 2725 exsilio,
1296 2652 1636 2730 praesertim
1680 2651 1999 2722 innocenti,
2039 2652 2139 2710 ubi
2185 2653 2347 2713 nulla

447 2758 722 2817 adiuncta
753 2766 842 2814 est
878 2752 1210 2830 turpitud03
1251 2750 1410 2810 addo
1446 2752 1639 2819 etiam,
1670 2767 1805 2809 cum
1839 2766 1911 2807 ea
1944 2750 2088 2809 urbe
2124 2768 2347 2823 careas,

449 2857 511 2915 in
557 2873 675 2933 qua
721 2853 862 2912 nihil
916 2853 1008 2924 sit,
1051 2849 1213 2928 quod
1259 2848 1453 2908 videre
1500 2848 1692 2924 possis
1746 2848 1873 2907 sine
1924 2846 2162 2907 dolore:
2224 2867 2347 2925 ego

451 2972 587 3015 cum
635 2954 800 3023 meis,
849 2951 898 3011 si
946 2951 1256 3028 quicquam
1305 2964 1465 3006 nunc
1513 2946 1855 3021 cuiusquam
1902 2957 2009 3018 est,
2053 2947 2229 3005 etiam
2278 2950 2343 3009 in

448 3052 598 3111 meis
651 3068 780 3110 esse
835 3049 1030 3108 malui.
1111 3066 1169 3121 4.
1211 3044 1383 3117 Quae
1430 3044 1781 3114 acciderunt,
1825 3044 2027 3102 omnia
2080 3044 2203 3103 dixi
2248 3045 2341 3105 fu·

450 3162 612 3223 tura;
670 3148 801 3207 veni
851 3148 1109 3217 domum,
1158 3161 1283 3203 non
1337 3158 1458 3220 quo
1511 3143 1736 3218 optima
1783 3141 2010 3200 vivendi
2064 3142 2343 3204 condicio

449 3257 620 3317 esset,
676 3246 781 3305 sed
807 3258 810 3263 ·
839 3254 1056 3313 tamen,
1104 3243 1155 3301 si
1208 3250 1367 3301 esset
1416 3240 1609 3317 aliqua
1663 3238 1857 3299 forma
1911 3241 1992 3300 rei
2050 3241 2341 3317 publicae,

449 3354 746 3420 tamquam
795 3342 856 3399 in
898 3340 1083 3417 patria
1129 3348 1192 3397 ut
1232 3356 1443 3409 essem,
1485 3337 1535 3399 si
1581 3336 1739 3397 nulla
1779 3347 2079 3414 tamquam
2121 3339 2183 3398 in
2231 3358 2337 3399 ex·

449 3440 600 3500 silio.
681 3438 938 3499 Mortem
980 3435 1121 3495 mihi
1169 3454 1272 3497 cur
1326 3436 1767 3517 consciscerem,
1817 3444 1997 3496 causa
2038 3454 2164 3496 non
2210 3438 2337 3505 visa
