2642 3925
345 281 432 345 Ep.
462 262 574 352 37]
632 298 640 305 -
727 277 956 329 EPIST.
1000 277 1102 327 An
1141 278 1588 329 FAMILIARES
1626 279 1707 330 IL·
1757 283 1853 348 13.
2112 283 2237 351 109

340 427 502 501 Quid
543 439 632 488 est
673 447 900 501 causae,
943 447 1046 489 cur
1085 429 1226 488 mihi
1267 447 1391 489 non
1437 429 1500 489 in
1542 430 1755 507 optatis
1805 429 1877 488 sit
1926 429 2235 507 complecti

338 525 639 584 hominem
693 526 1000 586 florentem
1050 537 1255 599 aetate,
1304 525 1537 604 opibus,
1588 526 1927 598 honoribuS,
1974 526 2233 604 ingenie,
2331 537 2335 541 '

338 621 550 694 liberiS,
615 624 980 701 propinquis,
1042 624 1348 706 adfinibus,
1410 624 1613 683 amicis
1682 624 1965 700 collegam
2033 640 2235 684 meum

338 722 679 796 praesertim
718 731 775 780 et
811 707 872 779 in
909 722 1040 798 ipsa
1078 722 1308 798 collegii
1344 721 1515 781 laude
1555 730 1614 780 et
1641 721 1883 781 scientia
1909 722 2235 782 studiosum

338 819 496 876 mei?
552 818 697 877 haec
738 837 812 878 eo
848 819 1106 897 pluribus
1149 820 1370 896 scripsi,
1412 817 1574 897 quod
1613 838 1723 878 non
1762 819 1904 878 nihil
1945 821 2235 898 significa-

338 915 502 988 bant'
523 926 656 975 tuae
698 916 915 976 litterae
960 917 1331 976 subdubitare
1378 923 1443 988 te,
1486 934 1605 992 qua
1652 934 1843 976 essem
1890 935 2029 995 erga
2073 918 2237 978 illum

339 1012 653 1073 voluntate.
739 1013 935 1073 Credo
990 1023 1048 1074 te
1095 1014 1327 1074 audisse
1382 1013 1631 1091 aliquid:
1687 1014 1897 1074 falsum
1944 1024 2049 1088 est,
2090 1017 2235 1076 mihi

343 1109 531 1181 crede,
567 1111 617 1169 si
643 1095 799 1189 ‘quid
841 1110 1062 1174 audisti.
1149 1110 1355 1170 Genus
1404 1111 1791 1170 institutorum
1837 1122 1897 1172 et
1943 1114 2238 1174 rationum

340 1225 604 1268 mearum
633 1207 1152 1267 dissimilitudinem
1179 1225 1301 1267 non
1329 1208 1549 1266 nullam
1576 1207 1753 1268 habet
1781 1228 1915 1269 cum
1946 1211 2095 1271 illius
2132 1213 2237 1272 ad-

340 1305 762 1365 ministratione
799 1307 1166 1381 provinciae:
1213 1323 1288 1364 ex
1326 1321 1400 1364 eo
1427 1304 1667 1382 quidam
1693 1307 1966 1382 suspicati
1992 1307 2237 1371 fortasse

342 1395 497 1473 sunt,
545 1403 874 1460 animorum
931 1403 1325 1476 contentione,
1379 1421 1505 1462 non
1560 1403 1905 1480 opinionum
1962 1406 2234 1468 dissensi-

250 1576 255 1580 ,
341 1517 459 1558 one
506 1518 602 1559 me
656 1501 732 1559 ab
787 1517 860 1559 eo
917 1501 1278 1578 discrepare;
1347 1500 1489 1560 nihil
1543 1511 1737 1559 autem
1794 1501 1905 1560 feci
1954 1521 2237 1581 umquam

342 1587 534 1675 neque
576 1598 713 1669 dixi,
758 1597 920 1674 quod
959 1609 1166 1658 contra
1217 1599 1367 1660 illius
1410 1598 1893 1658 existimationem
1948 1619 2077 1660 esse
2120 1603 2238 1662 vel-

342 1695 478 1755 lem.
559 1695 702 1755 Post
755 1695 872 1756 hoc
919 1698 1220 1773 negotium
1263 1706 1458 1755 autem
1512 1705 1569 1756 et
1621 1697 1998 1756 temeritatem
2052 1701 2239 1760 nostri

342 1791 682 1852 Dolabellae
745 1793 1184 1872 deprecatorem
1244 1813 1343 1853 me
1406 1811 1515 1870 pro
1572 1793 1720 1853 illius
1754 1795 2009 1870 periculo
2070 1814 2237 1873 prae-

330 1891 478 1951 beo.
583 1909 637 1967 3.
678 1890 820 1950 Erat
873 1891 936 1949 in
1000 1892 1208 1952 eadem
1273 1892 1519 1970 epistola
1574 1897 1591 1924 ‘
1608 1902 1877 1950 veternus
1934 1893 2172 1954 civitatis
2192 1895 2235 1954 τ’

343 1988 672 2067 gaudebam
714 2007 854 2049 sane
896 2000 955 2049 et
996 1991 1339 2067 congelasse
1382 2000 1649 2049 nostrum
1690 1991 1944 2049 amicum
1982 1992 2238 2053 laetabar

344 2088 483 2147 otio·
585 2086 867 2146 Extrema
923 2087 1154 2165 pagella
1217 2089 1468 2165 pupugit
1526 2105 1623 2147 me
1676 2098 1779 2147 tuo
1835 2088 2237 2169 chirographo,

345 2184 505 2258 Quid
533 2258 536 2261 ψ
561 2184 687 2243 ais?
758 2183 1074 2255 Caesarem
1127 2203 1286 2244 nunc
1341 2184 1602 2244 defendit
1654 2185 1872 2245 Curio?
1940 2189 2072 2264 quis
2125 2188 2239 2249 hoc

345 2291 571 2359 putarat
607 2289 834 2359 praeter
872 2283 1012 2342 me?
1053 2299 1208 2355 nam,
1237 2283 1317 2342 ita
1353 2284 1559 2355 vivam,
1594 2284 1805 2359 putavi.
1888 2284 1967 2342 Di
2002 2286 2239 2345 immor-

343 2380 520 2439 tales!
563 2398 740 2457 quam
783 2397 898 2457 ego
943 2379 1125 2438 risum
1166 2390 1433 2440 nostrum
1472 2381 1771 2441 desidero!
1834 2380 1985 2441 Mihi
2019 2392 2139 2441 erat
2176 2382 2240 2442 in

345 2477 560 2549 animo,
603 2478 883 2554 quoniam
931 2476 1389 2537 iurisdictionem
1431 2479 1823 2550 confeceram,
1855 2478 2110 2540 civitates
2154 2480 2240 2539 lo·

346 2575 716 2651 eupletaram,
745 2574 1070 2649 publicanis
1105 2576 1281 2633 etiam
1316 2578 1629 2653 superioris
1664 2578 1825 2637 lustri
1862 2578 2080 2655 reliqua
2114 2580 2241 2637 sine

345 2672 638 2731 sociorum
679 2670 795 2729 ulla
834 2672 1069 2747 querela
1117 2689 1540 2745 conservatam,
1580 2676 1813 2751 privatis
1861 2676 2105 2734 summis
2151 2677 2241 2734 in-

345 2768 497 2827 fimis
525 2770 748 2828 fueram
787 2769 1094 2839 iucundus,
1122 2770 1417 2845 proficisci
1452 2772 1513 2829 in
1541 2770 1800 2831 Ciliciam
1839 2772 2029 2831 Nonis
2067 2772 2244 2833 Maiis-

345 2874 420 2937 et,
451 2883 586 2924 cum
631 2866 818 2942 prima
853 2866 1073 2924 aestiva
1108 2866 1429 2943 attigissem
1457 2886 1572 2925 rem
1598 2868 2013 2945 miIitasemque
2040 2871 2241 2930 conlo⁴

347 2980 595 3034 cassem,
624 2962 907 3022 decedere
937 2981 1010 3022 ex
1039 2972 1276 3022 senatus
1305 2964 1589 3023 consulto.
1670 2964 1867 3043 ‘Cupio
1898 2976 1957 3025 te
1995 2968 2241 3029 aedilem

345 3059 538 3119 videre
579 3060 845 3137 miroque
887 3059 1174 3143 desiderio
1216 3078 1313 3119 me
1354 3062 1493 3121 urbs
1536 3061 1733 3121 adficit
1774 3073 1832 3122 et
1876 3080 2085 3124 omnes
2122 3066 2240 3125 mei
2305 3097 2309 3101 -

344 3166 527 3235 tuque
555 3156 615 3215 in
641 3158 861 3235 primis.
