2642 3925
425 232 547 295 144
761 266 767 274 .
962 225 1042 274 M.
1092 224 1336 273 TULLII
1367 224 1577 273 ‘crem
1586 224 1750 273 oms
2047 213 2187 296 [Pars
2216 224 2310 275 111.

416 378 688 446 relatore,
718 375 1067 452 Pompeium
1105 383 1163 433 et
1201 372 1514 433 Caesarem
1544 373 1818 449 coniungi
1852 391 2048 450 posse.
2128 364 2346 446 Quod--

420 477 470 536 si
511 475 730 533 factum
764 474 884 544 erit,
913 490 1010 532 me
1048 472 1187 530 satis
1224 470 1434 529 vixisse
1471 472 1709 547 putabo.
1793 490 1848 546 3.
1890 469 2132 529 Factum
2159 470 2310 530 Cae·

420 573 566 633 saris
596 571 670 630 de
699 569 964 630 Corfinio
990 579 1176 627 totum
1203 577 1261 627 te
1288 569 1667 644 probaturum
1694 568 1852 627 scio:
1893 586 2013 644 quo
2039 568 2221 627 modo
2249 567 2320 625 in
2409 550 2428 560 ’

420 670 548 729 eius
577 667 740 726 modi
776 685 857 739 re,
887 665 1255 725 commodius
1284 665 1493 725 cadere
1521 682 1643 725 non
1680 665 1867 742 potuit
1902 679 2079 741 quam
2114 673 2181 723 ut
2216 658 2312 723 r'es

420 768 546 829 sine
578 764 860 840 sanguine
892 764 1184 826 confieret.
1268 762 1438 822 Balbi
1466 764 1581 822 mei
1616 764 1816 841 tuique
1844 764 2095 823 adventu
2121 764 2314 823 delec-

421 872 603 923 tatum
646 872 704 921 te
745 861 912 920 valde
956 860 1223 937 gaudeo:
1267 860 1316 919 is
1357 879 1759 938 quaecumque
1800 862 1903 920 tibi
1944 860 2018 920 de
2060 860 2313 920 Caesare

419 960 561 1022 dixit
591 977 859 1036 quaeque
889 956 1104 1016 Caesar
1132 959 1376 1034 scripsit,
1407 958 1546 1029 scic,
1573 975 1637 1016 re
1674 958 1775 1016 tibi
1816 957 2103 1033 probabit,
2131 974 2312 1035 quae·

417 1076 672 1136 cumque
698 1056 932 1116 fortuna
959 1057 1081 1118 eius
1113 1056 1299 1129 fuerit,
1328 1057 1623 1116 verissime
1650 1057 1963 1133 scripsisse.

825 1215 919 1271 59.
1002 1211 1118 1270 AD
1157 1211 1551 1271 ATTICUM
1592 1211 1763 1271 VIII.
1812 1213 1905 1273 16.
1940 1266 1946 1270 .

523 1325 658 1388 Seu.
698 1325 944 1386 Fonmrs
983 1344 1039 1385 Α.
1057 1345 1115 1386 n.
1156 1344 1235 1387 1v.
1277 1326 1337 1385 N
1341 1345 1485 1387 oms
1526 1325 1803 1387 Maurus
1843 1344 2010 1389 mue.
2057 1340 2190 1403 705.

1033 1489 1038 1493 .
1121 1450 1330 1494 emano
1357 1450 1600 1493 Amce.

505 1565 556 1608 1.
600 1546 805 1608 ΟΜΝῙΑ
841 1546 982 1607 mibi
1019 1547 1254 1623 provisa
1293 1556 1429 1605 sunt
1464 1555 1690 1623 praeter
1718 1546 2010 1606 occultum
2038 1558 2097 1607 et
2124 1552 2310 1609 tutum

416 1646 523 1710 iter
550 1645 626 1705 ad
653 1662 812 1704 mare
842 1661 1148 1720 superum3
1193 1644 1306 1703 hoc
1334 1643 1490 1702 enim
1531 1644 1675 1701 mari
1712 1646 1794 1703 uti
1834 1663 1957 1704 non
1993 1663 2308 1721 possumus

418 1742 533 1802 hoc
572 1753 836 1819 tempore
879 1742 1053 1801 anni:
1115 1741 1247 1799 illuc
1289 1753 1501 1811 autem,
1535 1759 1663 1819 ¹quo
1707 1753 1930 1818 spectat
1967 1744 2195 1804 animus
2248 1754 2308 1803 et

416 1857 536 1919 quo
565 1857 658 1899 res
687 1850 873 1909 vocat,
903 1857 1022 1915 qua
1047 1839 1315 1899 veniam?
1359 1838 1687 1898 cedendum
1724 1840 1881 1897 enim
1915 1850 2003 1899 est
2029 1841 2304 1913 celeriter,

417 1958 493 1999 ne
521 1938 669 1998 forte
698 1956 816 2015 qua
850 1956 913 1998 re
951 1936 1236 2015 impediar
1272 1946 1446 2014 atque
1474 1936 1685 2013 alliger.
1771 1936 1900 1998 Nec
1926 1956 2063 1997 vero
2088 1938 2181 1999 ille
2208 1957 2306 1999 me

418 2038 595 2108 ducit,
625 2037 724 2114 qui
752 2037 990 2108 videtur,
1020 2052 1197 2112 quem
1225 2053 1339 2112 ego
1378 2035 1675 2099 hominem
1712 2037 2143 2094 ἀπολιὴκώτατον
2178 2057 2310 2099 om-

420 2135 585 2192 nium
613 2133 729 2192 iam
766 2143 899 2191 ante
938 2151 1276 2209 cognoram,
1306 2151 1464 2191 nunc
1501 2150 1638 2191 vero
1663 2133 1837 2191 etiam
1865 2135 2312 2210 ἀστρατηγικώτα-

417 2254 526 2288 τον.
610 2227 752 2287 Non
780 2247 875 2287 me
914 2229 1084 2304 igitur
1111 2229 1161 2288 is
1187 2228 1361 2299 ducit,
1392 2228 1495 2287 sed
1535 2245 1728 2287 sermo
1756 2229 2075 2301 hominum,
2105 2232 2204 2307 qui
2231 2232 2314 2291 ada

423 2344 520 2384 me
546 2344 585 2382 a
613 2324 920 2384 Philotimo
961 2326 1260 2397 scribitur3
1303 2325 1353 2382 is
1395 2325 1552 2384 enim
1592 2343 1685 2384 me
1723 2327 1800 2383 ab
1827 2328 2202 2402 optimatibus
2229 2331 2318 2388 ait·

421 2422 741 2484 conscindi.
825 2420 1057 2493 Quibus
1098 2422 1493 2499 optimatibuS,
1537 2422 1596 2481 di
1636 2423 1806 2481 boni!
1849 2424 1949 2499 qui
1991 2441 2147 2484 nunc
2188 2444 2308 2502 quo

418 2520 607 2580 modo
634 2521 979 2578 occurrunt!
1022 2537 1141 2596 quo
1170 2520 1353 2578 modo
1382 2529 1577 2579 autem
1615 2537 1678 2578 se
1716 2520 2012 2585 venditant
2040 2521 2306 2582 Caesarii

426 2617 750 2693 Municipia
789 2633 927 2675 vero
971 2617 1165 2689 deum,
1209 2635 1319 2677 nec
1362 2616 1648 2688 simulant,
1677 2625 1743 2675 ut
1781 2634 1919 2676 cum
1961 2618 2033 2676 de
2075 2618 2173 2678 illo
2214 2640 2316 2679 ae·

419 2726 593 2792 groto
633 2724 770 2784 vota
809 2714 1118 2773 faciebant.
1206 2733 1261 2777 2.
1308 2713 1426 2774 Sed
1467 2714 1657 2790 plane,
1701 2715 1978 2792 quicquid
2024 2716 2163 2773 mali
2217 2717 2310 2778 hic

421 2812 754 2875 Pisistratus
797 2830 919 2870 non
960 2811 1175 2882 fecerit,
1203 2820 1339 2870 —tam
1394 2822 1624 2888 gratum
1666 2822 1772 2883 est,
1813 2830 1991 2888 quam
2044 2814 2093 2872 si
2135 2813 2320 2874 alium.

418 2903 612 2967 facere
641 2906 1035 2985 prohibuerit3
1081 2907 1233 2973 hunc
1262 2906 1580 2984 propitium
1613 2918 1863 2985 sperant,
1902 2908 2062 2967 illum
2100 2909 2311 2970 iratum

420 3012 645 3081 putant.
727 2998 890 3076 Qu‘as
939 3004 1060 3064 fieri
1107 3020 1324 3065 censes
1359 3005 1665 3075 ἀπαντήσεις
1708 3023 1785 3064 ex
1832 3007 2098 3082 oppidis!
2158 3025 2322 3086 quos

421 3100 709 3166 honores!
795 3107 810 3132 ‘
832 3100 1104 3161 Metuunt
1118 3098 1135 3124 ¹
1198 3101 1442 3177 inquieS.
1539 3101 1752 3173 Credo,
1814 3103 1918 3161 sed
1986 3104 2309 3164 mehercule

421 3198 584 3262 illum
624 3198 848 3275 magis:
897 3197 1068 3257 huius
1103 3198 1380 3258 insidiosa
1414 3198 1721 3258 clementia
1752 3199 2122 3273 delectantur,
2160 3202 2320 3263 illius.

423 3295 784 3355 iracundiam
825 3295 1149 3357 formidant.
1231 3295 1463 3355 Iudices
1504 3296 1577 3356 de
1614 3315 1827 3368 cchx„
1867 3297 1968 3375 qui
1998 3299 2312 3376 praecipue

424 3391 652 3470 Gnaeo·
671 3403 870 3453 nostro
908 3392 1360 3476 delectabantur,
1401 3412 1474 3461 ex
1514 3395 1726 3472 quibus
1762 3395 2020 3478 quotidie
2057 3396 2329 3474 aliquem,
