2642 3925
481 255 602 340 156
907 317 918 329 .
993 272 1098 327 M:
1148 272 1393 323 TULLII
1435 272 1831 326 czeERoms·
1912 270 1939 316 ”2
2106 256 2245 348 [rm
2280 277 2385 324 111.

861 495 955 550 64.
1041 491 1156 550 AD
1198 461 1589 552 ATTICUM
1632 448 1860 552 1x.'1³1
1902 492 1983 554 Α.

479 605 609 666 Sca.
637 621 700 664 m
725 604 1037 666 Fommo
1057 625 1178 666 Am.
1201 583 1290 666 έν.
1315 604 1387 686 (?)
1411 607 1737 678 Karmas
1756 605 2016 667 Armes
2036 623 2207 668 mue.
2230 621 2378 684 705.

945 729 1154 772 cxcmo
1193 731 1310 772 mr.
1338 729 1383 772 s.
1412 731 1470 772 n.
1493 726 1740 774 ‘cansam
1779 731 1903 772 nn».

563 843 613 888 1.
644 824 740 886 UT
765 825 882 902 legi
908 837 1036 886 tuas
1057 826 1286 899 litteraS,
1305 846 1455 903 quas
1475 845 1513 886 a
1538 827 1757 888 Furnio
1778 838 2374 906 nostroacceperam,

474 924 685 1000 quibus
725 942 957 983 mecum
993 926 1234 1000 agebas,
1276 937 1341 984 ut
1382 927 1456 985 ad
1498 926 1703 984 urbem
1744 934 1953 998 essem,
1996 937 2054 984 te
2096 916 2243 985 v'elle
2284 927 2375 985 uti

476 1022 722 1081 consilio
751 1032 810 1080 et
837 1022 1114 1098 dignitate
1141 1041 1291 1092 mea,
1311 1024 1505 1082 minus
1535 1041 1665 1082 sum
1695 1023 2010 1083 admiratus
2035 1043 2049 1082 t
2078 1023 2153 1082 de
2181 1025 2374 1100 gratia

475 1130 535 1178 et
569 1121 641 1178 de
679 1136 794 1196 ope
832 1119 975 1195 quid
1012 1120 1389 1195 significares,
1418 1139 1651 1180 mecum
1691 1121 1817 1197 ipse
1859 1112 2231 1198 quaerebam,
2259 1139 2372 1198 spe

475 1228 673 1276 tamen
728 1218 1058 1276 deducebar
1107 1217 1195 1276 ad·
1231 1234 1364 1275 eam
1412 1219 1845 1294 cogitationem,
1890 1229 1956 1278 ut
2002 1230 2061 1280 te
2107 1238 2216 1296 pro
2266 1233 2372 1278 tua

477 1315 796 1374 admirabili
824 1332 895 1374 ac
922 1316 1195 1392 singulari
1223 1316 1511 1392 sapientia
1539 1317 1613 1375 de
1640 1317 1777 1388 otio,
1809 1316 1882 1375 de
1913 1336 2077 1394 pace,
2109 1318 2182 1377 de
2224 1336 2369 1378 con-

477 1415 678 1472 cordia
716 1415 926 1473 civium
972 1415 1069 1490 agi
1117 1414 1262 1472 velle
1309 1415 1627 1481 arbitrarer,
1668 1424 1728 1472 et
1774 1415 1851 1472 ad
1898 1433 2031 1473 eam
2077 1416 2368 1474 rationem

477 1511 880 1569 existimabam
924 1512 1062 1570 satis
1111 1523 1309 1587 aptam
1358 1527 1487 1570 esse
1534 1522 1593 1570 et
1638 1522 1902 1570 naturam
1946 1522 2005 1572 et
2051 1531 2367 1590 personam

479 1627 688 1668 meam.
777 1627 832 1669 2.
877 1608 1058 1681 Quod
1087 1610 1134 1667 si
1163 1611 1243 1667 ita
1269 1618 1359 1668 est
1395 1620 1455 1667 et
1492 1609 1540 1668 si
1569 1626 1687 1685 qua
1720 1609 1800 1668 de
1838 1609 2140 1686 Pompeio'
2161 1624 2365 1671 nostro

479 1709 698 1767 tuendo
757 1717 816 1766 et
875 1708 978 1766 tibi
1039 1726 1110 1766 ac
1168 1707 1252 1765 rei
1306 1708 1572 1784 publicae
1626 1709 2061 1769 reconciliando
2115 1728 2255 1770 cura
2307 1720 2364 1769 te

478 1807 723 1884 attingit,
752 1807 940 1881 magis
968 1807 1263 1876 idoneum,
1293 1823 1469 1882 quam
1508 1823 1622 1880 ego
1663 1823 1816 1876 sum,
1840 1807 1913 1865 ad
1952 1824 2086 1866 eam
2127 1827 2363 1893 causam

478 1905 743 1984 profecto
771 1906 1026 1982 reperies
1051 1905 1363 1975 neminem,
1392 1903 1493 1979 qui
1532 1914 1592 1962 et
1633 1902 1711 1960 illi
1752 1921 1984 1981 semper
2022 1915 2081 1965 et
2122 1907 2361 1977 senatui,

479 2023 615 2063 cum
656 2005 907 2081 primum
947 2003 1126 2079 potui,
1170 2003 1331 2079 pacis
1373 2012 1575 2061 auctor
1614 2000 1713 2073 fui,
1750 2019 1861 2061 nec
1902 1990 2149 2080 sumptis
2189 2007 2362 2063 armis

478 2102 615 2161 belli
647 2102 822 2159 ullam
859 2111 1084 2177 partem
1125 2101 1303 2175 attigi,
1335 2099 1696 2175 iudicavique
1738 2117 1812 2158 eo
1853 2100 2008 2160 bello
2050 2110 2113 2159 te
2147 2102 2359 2175 violari,

480 2211 685 2261 contra
711 2200 880 2258 cuius'
895 2199 1182 2258 honorem
1208 2198 1410 2276 populi
1432 2198 1687 2255 Romani
1709 2199 1993 2257 beneficio
2016 2216 2359 2259 concessum

480 2297 698 2357 inimici
725 2307 895 2373 atque
933 2295 1108 2354 invidi
1146 2297 1477 2354 niterentur.
1564 2294 1680 2353 Sed
1718 2305 1781 2352 ut
1820 2312 1894 2354 eo
1935 2306 2201 2373 tempore
2242 2316 2358 2356 non

479 2396 664 2455 modo
699 2395 824 2471 ipse
861 2392 1050 2452 fautor
1087 2394 1381 2467 dignitatis
1419 2404 1551 2451 tuae
1589 2391 1687 2464 fui,
1715 2410 1914 2451 verum
1950 2394 2124 2452 etiam
2162 2397 2358 2454 ceteris

479 2506 681 2553 auctor
711 2492 788 2550 ad
826 2502 882 2551 te
919 2492 1330 2562 adiuvandum,
1358 2492 1439 2549 sic
1477 2507 1573 2549 me
1610 2506 1769 2549 nunc
1809 2492 2073 2568 Pompeii
2114 2493 2357 2569 dignitas

415 2646 422 2655 .
479 2592 853 2652 vehementer
883 2600 1110 2661 movet;
1153 2590 1373 2665 aliquot
1406 2589 1562 2647 enim
1598 2598 1736 2647 sunt
1760 2589 1919 2658 anni,
1949 2608 2084 2649 cum
2110 2608 2217 2649 vos
2244 2592 2357 2651 duo

480 2690 686 2765 delegi,
709 2706 858 2765 quos
880 2687 1188 2764 praecipue
1217 2687 1469 2746 colerem
1498 2695 1555 2746 et
1576 2688 1786 2763 quibus
1815 2704 2024 2757 essem,
2044 2687 2191 2746 sicut
2212 2704 2353 2758 sum,

479 2788 879 2848 amicissimus
964 2803 1018 2861 3.
1046 2783 1245 2855 Quam
1272 2785 1352 2842 ob
1380 2802 1503 2842 rem
1531 2802 1567 2841 a
1594 2794 1652 2842 te
1679 2794 1817 2858 peto
1841 2784 1933 2842 vel
1960 2785 2153 2861 potius
2174 2787 2354 2844 omni-

478 2890 591 2947 bus
617 2896 676 2943 te
713 2885 978 2961 precibus
1015 2900 1122 2940 oro
1160 2892 1218 2940 et
1253 2883 1532 2952 obtestor,
1558 2890 1623 2939 ut
1660 2882 1720 2939 in
1757 2882 1870 2939 tuis
1905 2883 2175 2941 maximis
2213 2885 2353 2961 curis

482 2981 696 3059 aliquid
724 2980 1017 3057 impertias
1044 2980 1326 3055 temporis
1354 2978 1487 3037 huIc
1515 2996 1749 3054 quoque
1778 2978 2133 3053 cogitationi,
2160 2989 2224 3037 ut
2260 2991 2354 3038 tuo

480 3082 768 3145 beneficio
803 3082 996 3139 bonus
1033 3081 1133 3150 vir,
1163 3092 1378 3155 gratu3‚
1407 3080 1537 3156 pius
1576 3079 1828 3155 denique
1869 3096 1999 3137 esse
2036 3078 2098 3137 in
2125 3079 2353 3137 maximi

481 3181 749 3244 beneficii
784 3179 1066 3238 memoria
1100 3179 1357 3254 possim;
1399 3195 1549 3253 quae
1588 3178 1637 3236 si
1668 3187 1891 3235 tantum
1924 3176 2000 3235 ad
2037 3196 2134 3237 me
2171 3178 2353 3253 ipsum

484 3282 850 3359 pertinerent,
868 3294 1162 3350 sperarem
1190 3294 1285 3334 me
1313 3294 1349 3334 a
1375 3284 1433 3334 te
1460 3286 1657 3333 tamen
1685 3276 2140 3351 impetraturum,
2164 3275 2280 3344 sed,
2297 3270 2357 3335 ut'

485 3380 744 3444 arbitror,
769 3384 826 3431 et
867 3372 944 3431 ad
983 3383 1140 3430 tuam
1176 3373 1351 3431 fidem
1390 3384 1447 3431 et
1486 3372 1561 3431 ad
1602 3391 1726 3430 rem
1768 3372 2059 3449 publicam
2102 3373 2357 3449 pertinen

487 3488 584 3530 me
638 3486 712 3527 ex
776 3466 975 3544 paucis
1029 3476 1088 3525 et
1141 3467 1222 3523 ad
1269 3466 1565 3544 utriusque
1614 3475 1868 3525 vestrum
1916 3474 1975 3526 et
2028 3466 2105 3526 ad
2152 3466 2359 3527 civium’
