2642 3925
467 287 496 336 1
515 276 595 351 14
917 311 924 318 ·
1009 280 1082 332 u.
1139 283 1383 332 roam
1422 281 1632 332 cmm
1640 279 1805 330 oms
2084 317 2089 324 .
2126 264 2261 353 [Pars
2288 271 2364 330 1'1‘.

459 434 685 511 equites
711 442 847 493 ante
875 445 1092 494 certam
1122 430 1278 493 diem
1315 433 1684 504 decederent,
1714 431 1795 491 ob
1820 449 2069 508 eamque
2096 449 2361 504 causam,

459 543 585 591 tum
615 533 694 592 ob
723 542 942 592 ceteras
973 531 1270 591 Salaminii
1305 550 1417 591 nos
1458 533 1518 588 in
1544 530 1771 590 caelum
1800 529 2045 589 decretis
2079 531 2199 589 suis
2228 547 2363 589 sus·-

459 631 729 688 tulerunt.
818 629 936 689 Sed
991 630 1106 688 iam
1163 629 1303 707 quid
1360 647 1512 705 opus
1560 628 1857 705 equitatu?
1920 628 2153 687 solvunt
2196 628 2363 688 enim

463 727 790 787 Salaminii:
834 728 945 786 nisi
983 725 1130 785 forte
1171 726 1229 785 id
1267 727 1534 786 volumus
1574 727 1749 784 armis
1788 725 2031 795 efficere,
2060 734 2125 784 ut
2150 724 2363 784 faenus

459 825 753 901 quaternis
793 825 1122 884 centesimis
1163 824 1397 883 ducant.
1477 822 1553 882 Et
1592 841 1709 900 ego
1748 823 1980 882 audebo
2009 823 2201 899 legere
2228 841 2361 882 um·-

461 941 639 999 quam
680 932 779 982 aut
821 922 1102 998 attingere
1142 939 1248 980 eos
1288 921 1485 990 libros,
1527 938 1679 997 quos
1721 930 1783 978 tu
1827 921 2106 994 dilaudas,
2150 922 2199 980 si
2240 922 2361 980 tale
2460 983 2465 987 ,

460 1020 601 1097 quid
631 1019 864 1080 fecero?
906 1018 1116 1089 Nimis,
1134 1019 1318 1088 nimir,
1338 1019 1598 1095 inquam,
1626 1019 1688 1076 in
1714 1018 1829 1077 isto
1858 1017 2103 1077 Brutum
2130 1019 2357 1089 amasti,

460 1118 793 1177 dulcissime
849 1117 1058 1186 Attice,
1108 1134 1220 1176 nos
1275 1134 1478 1174 vereor
1532 1130 1609 1174 ne
1662 1133 1887 1192 parum.
1972 1116 2166 1193 Atque
2209 1115 2358 1175 haec

459 1215 664 1291 scripsi
706 1231 820 1290 ego
862 1213 938 1273 ad
979 1212 1225 1273 Brutum
1268 1213 1573 1290 scripsisse
1610 1225 1668 1272 te
1702 1213 1778 1272 ad
1815 1231 1929 1272 me.
2020 1231 2111 1272 10.
2194 1212 2357 1291 Cog-

459 1330 642 1371 nosce
679 1329 836 1369 nunc
872 1321 1079 1369 cetera.
1163 1309 1280 1369 Pro
1319 1309 1519 1386 Appio
1559 1327 1671 1368 nos
1711 1308 1807 1369 hie
1847 1310 2048 1368 omnia
2088 1309 2354 1381 facimus,

459 1409 706 1467 honeste
760 1415 976 1479 tamen,
1034 1408 1137 1467 sed
1190 1408 1366 1484 plane
1420 1407 1705 1478 libenter:
1776 1425 1888 1466 nec
1942 1408 2103 1466 enim
2157 1408 2355 1484 ipsum

459 1507 692 1565 odimus
733 1516 790 1564 et
833 1505 1075 1565 Brutum
1116 1523 1403 1576 amamus,
1437 1515 1496 1563 et
1538 1504 1856 1581 Pompeius
1896 1504 2137 1564 mirifice
2178 1523 2215 1564 a
2255 1523 2356 1566 me

460 1604 775 1673 contendit,
817 1621 994 1680 quem
1040 1603 1374 1662 mehercule
1420 1602 1553 1679 plus
1595 1602 1843 1678 plusque
1887 1602 1948 1659 in
1988 1603 2112 1662 dies
2151 1603 2347 1681 diligo,

461 1700 530 1762 C.
560 1699 826 1760 Caelium
855 1712 1224 1777 quaestorem
1253 1700 1369 1758 huc
1408 1699 1603 1760 venire
1631 1699 1857 1761 audisti.
1940 1698 2179 1772 Nescio,
2210 1701 2353 1778 quid

459 1801 565 1872 sit3
609 1800 714 1858 sed
742 1798 1080 1858 Pammenia
1105 1797 1201 1856 illa
1227 1796 1369 1856 mihi
1407 1815 1531 1857 non
1560 1798 1802 1872 placent.
1890 1795 2024 1874 Ego
2052 1817 2149 1860 me
2178 1817 2352 1877 spero

461 1898 708 1960 Athenis
750 1896 875 1957 fore
915 1913 1118 1958 mense
1161 1893 1503 1972 Septembri.
1586 1893 1855 1954 Tuorum
1897 1895 2165 1956 itinerum
2209 1908 2353 1958 tem·

461 2014 610 2076 pora
649 1996 793 2057 scire
834 2014 976 2055 sane
1015 1982 1202 2054 velim.
1232 2015 1236 2018 ·
1285 1993 1533 2064 Εὕὴθειαν
1576 1993 1905 2069 Sempronii
1935 1994 2072 2053 Rufi
2102 1998 2354 2072 cognovi

461 2114 536 2155 ex
584 2094 829 2171 epistola
871 2092 1236 2169 Corcyraea:
1281 2091 1425 2168 quid
1468 2091 1737 2168 quaeris?
1778 2091 2011 2151 invideo
2057 2094 2353 2169 potentiae

460 2192 731 2253 Vestorii.
815 2189 1140 2267 Cupiebam
1169 2189 1345 2249 etiam
1372 2206 1531 2247 nunc
1566 2188 1735 2265 plura
1770 2188 2001 2263 garrire,
2032 2188 2139 2248 sed
2164 2189 2350 2250 lucet:

457 2300 627 2365 urget
655 2288 840 2356 turba,
869 2286 1098 2346 festinat
1135 2286 1503 2361 Philogenes.
1588 2284 1827 2345 Valebis
1862 2285 2038 2363 igitur
2069 2297 2135 2346 et
2162 2288 2352 2350 valere

457 2386 664 2447 Piliam
703 2395 762 2444 et
799 2383 1113 2444 Caeciliam
1149 2394 1412 2443 nostram
1449 2384 1675 2443 iubebis
1708 2383 1907 2443 litteris
1942 2392 2003 2445 et
2042 2384 2289 2447 salvebis
2312 2404 2354 2447 a

457 2501 598 2545 meo
628 2480 932 2545 Cicerone.
999 2540 1003 2545 ,

839 2633 955 2731 ,39ζ
987 2632 992 2639 ’
1037 2640 1153 2701 AD
1193 2590 1703 2700 FAMILIARES
1744 2637 1878 2700 XV.
1908 2652 1969 2715 5.

1018 2756 1151 2819 Scn.
1193 2756 1413 2817 Rom
1452 2773 1623 2819 A.u.c.
1670 2768 1805 2830 704.

891 2882 956 2927 ιι.
998 2882 1152 2927 cuo
1189 2882 1236 2925 s.
1276 2882 1335 2923 D.
1376 2881 1439 2923 u.
1478 2879 1750 2925 mcum-11
1789 2878 1909 2927 m.

551 2997 602 3039 1.
646 2977 825 3052 Quon
855 2989 914 3038 et
939 2997 1033 3038 res
1069 2977 1300 3055 publica
1341 2996 1439 3061 me
1476 2986 1534 3035 et
1571 2985 1773 3035 nostra
1799 2975 2052 3036 amicitia
2076 2974 2354 3048 hortatur,

459 3078 704 3139 libenter
742 3076 910 3149 facio,
939 3087 1003 3135 ut
1043 3086 1206 3135 tuam
1232 3061 1529 3145 virtutem,
1558 3074 1968 3145 innocentiam,
2000 3072 2353 3150 diligentiam

461 3174 760 3251 cognitam
787 3172 849 3231 in
877 3173 1147 3232 maximis
1186 3174 1358 3232 rebus
1388 3167 1559 3231 'domi
1597 3170 1798 3247 togati,
1827 3171 2031 3230 armati
2062 3171 2201 3230 foris
2227 3171 2349 3247 pari

455 3270 742 3329 industria
783 3268 1181 3329 administrare
1221 3268 1547 3348 gaudeam:
1606 3264 1819 3345 itaque,
1863 3267 2019 3345 quod
2062 3284 2172 3345 pro
2196 3264 2351 3326 'meo

460 3371 677 3431 iudicio
706 3370 894 3429 facere
933 3370 1113 3445 potui,
1142 3380 1208 3429 ut
1242 3370 1577 3429 innocentia
1609 3369 1970 3445 consilioque
2010 3379 2113 3428 tuo
2152 3367 2351 3428 defen—

461 3483 595 3529 sam
639 3466 1018 3543 provinciam,
1065 3477 1352 3527 servatum
1394 3466 1807 3529 Ariobarzanis
1848 3484 1984 3525 cum
2031 3465 2167 3543 ipso
2214 3484 2353 3545 rege
2370 3530 2395 3568 5
