2642 3925
306 265 400 330 inp.
432 249 538 343 23.]
717 262 944 314 EPtsT.
989 262 1090 312 AD
1136 262 1382 328 thvr.
1425 263 1568 314 ΓΒΑ
1582 263 1641 313 T.
1684 265 1764 316 ιι.
1806 268 1870 337 3.
2109 248 2191 313 61

299 439 444 481 -rum
484 417 863 482 offenderem.
948 418 1069 479 Res
1115 419 1178 478 in
1220 427 1519 497 posterum
1562 418 1736 479 dilata
1784 429 1910 491 est3
1954 417 2198 479 Clodius

299 518 376 577 *in
397 517 714 591 Quirinalia
740 517 994 595 prodixit
1022 518 1194 577 diem.
1267 536 1321 593 3.
1363 517 1438 578 A.
1462 518 1517 577 d.
1543 536 1619 578 vr.
1647 515 1736 577 Id.
1765 517 1932 577 Febr.
1963 527 2198 577 senatus

316 615 390 674 ad
445 605 736 692 Apollinis
791 615 911 686 fuit,
965 625 1031 676 ut
1077 596 1395 692 Pompeius
1443 615 1693 674 adesset.
1775 615 1928 674 Acta
1968 634 2063 675 res
2110 626 2200 675 est

316 714 562 790 graviter
594 732 631 772 a
671 713 975 789 Pompeio.
1056 711 1150 772 Eo
1190 714 1285 772 die
1326 713 1467 772 nihil
1499 713 1817 790 perfectum
1860 723 1964 773 est.
2045 714 2120 774 A.
2143 714 2200 773 d.

315 830 372 872 v.
409 812 498 874 Id.
533 812 701 874 Febr.
743 811 820 870 ad
861 810 1150 887 Apollinis
1181 821 1418 870 senatus
1458 811 1788 872 consultum
1826 814 2045 871 factum
2092 819 2199 885 est,

303 928 401 980 ea,
447 929 597 988 quae
652 910 806 972 facta
859 920 1057 968 essent
1105 928 1157 969 a.
1191 909 1249 970 d.
1303 927 1383 972 v1.
1430 909 1520 970 Id.
1574 909 1762 981 Febr„
1818 920 2023 969 contra
2075 927 2201 970 rem

315 1009 607 1085 publicam
662 1025 791 1068 esse
845 1007 1016 1070 facta.
1096 1005 1190 1066 Eo
1246 1008 1341 1068 die
1398 1006 1546 1067 Cato
1594 1007 1966 1067 vehementer
2010 1018 2099 1066 est
2141 1007 2202 1066 in

316 1106 664 1184 Pompeium
695 1106 966 1167 invectus
1007 1115 1066 1165 et
1104 1124 1242 1164 eum
1280 1105 1544 1165 oratione
1585 1115 1864 1183 perpetua
1903 1115 2202 1182 tamquam

315 1223 481 1283 reum
508 1203 831 1277 accusavit3
874 1203 948 1263 de
981 1222 1077 1263 me
1109 1203 1292 1262 multa
1317 1221 1415 1262 me
1442 1204 1622 1262 invito
1651 1222 1787 1263 cum
1814 1222 1947 1264 mea
1974 1221 2204 1262 summa

314 1301 486 1364 laude
520 1302 694 1362 dixit:
738 1319 874 1360 cum
899 1301 1050 1361 illius
1074 1302 1138 1362 in
1158 1319 1254 1359 me
1282 1301 1585 1377 perfidiam
1612 1301 1950 1378 increparet,
1972 1303 2204 1362 auditus

311 1410 406 1464 est
429 1417 652 1477 magno
680 1398 906 1458 silentio
937 1398 1371 1459 malevolorum.
1452 1398 1783 1476 Respondit
1810 1400 1864 1459 ei
1890 1399 2203 1459 vehemen-

209 1566 213 1570 ,
313 1508 401 1563 ter
442 1498 757 1575 Pompeius
799 1496 1191 1572 Crassumque
1233 1497 1555 1574 descripsit,
1597 1498 1857 1575 dixitque
1898 1508 2095 1575 aperte
2140 1516 2204 1557 se

314 1596 687 1658 munitiorem
741 1594 819 1654 ad
870 1596 1314 1654 custodiendam
1368 1597 1547 1655 vitam
1607 1614 1772 1655 suam
1829 1595 1970 1669 fore,
2025 1614 2204 1673 quam

308 1694 622 1762 Africanus
647 1692 869 1765 fuisset,
899 1710 1075 1770 quem
1104 1691 1173 1752 C.
1203 1691 1399 1752 Carbo
1426 1694 1828 1753 interemisset.
1899 1712 1955 1766 4.
1997 1693 2205 1770 Itaque

313 1809 566 1868 magnae
601 1790 746 1849 mihi
774 1809 867 1849 res
893 1792 1010 1849 iam
1041 1790 1260 1848 moveri
1287 1792 1666 1850 videbantur:
1706 1808 1845 1857 nam
1889 1791 2203 1868 Pompeius

239 1889 243 1894 ’
313 1887 460 1947 haec
499 1888 778 1965 intellegit
817 1888 1244 1964 nobiscumque
1298 1888 1708 1962 communicat,
1764 1888 2004 1947 insidias
2054 1889 2204 1952 vitae

313 2005 456 2049 suae
493 1987 634 2058 fieri,
671 1986 740 2049 C.
772 1985 1061 2047 Catonem
1100 2005 1137 2045 a
1175 1985 1391 2045 Crasso
1430 1987 1750 2058 sustentari,
1782 1985 1994 2046 Clodio
2028 2004 2205 2063 pecu-

313 2084 473 2145 niam
534 2083 905 2161 suppeditari,
967 2093 1275 2159 utrumque
1331 2093 1389 2143 et
1442 2084 1647 2163 abeo
1702 2090 1766 2142 et
1834 2102 1870 2142 a
1927 2082 2204 2152 Curione,

310 2181 529 2249 ,Bibulo
582 2181 906 2257 ceterisque
949 2181 1068 2239 suis
1109 2181 1588 2244 obtrectatoribus
1645 2181 1991 2252 confirmari,
2033 2182 2205 2241 vehe-

314 2288 542 2341 menter
582 2297 711 2337 esse
753 2277 1178 2355 providendum
1205 2295 1280 2337 ne
1307 2280 1671 2356 opprimatur
1700 2280 2065 2340 contionario
2107 2280 2205 2340 illo

316 2376 539 2454 populo
561 2395 598 2437 a
626 2394 690 2435 se
716 2393 903 2453 prope
929 2376 1200 2447 alienat0,
1227 2377 1526 2436 nobilitate
1554 2377 1807 2449 inimica,
1848 2395 1972 2436 non
2012 2396 2205 2460 aequo

312 2485 539 2549 senatu,
568 2475 859 2536 iuventute
897 2474 1181 2550 improba.
1263 2473 1470 2551 Itaque
1502 2492 1565 2533 se
1593 2485 1909 2551 comparat,
1938 2473 2208 2535 homines

313 2590 392 2638 ex
432 2572 586 2648 agris
622 2571 894 2644 arcessit3
937 2589 1148 2648 operas
1186 2581 1381 2631 autem
1419 2590 1555 2632 suas
1585 2571 1828 2632 Clodius
1865 2573 2206 2634 confirmat:

315 2687 526 2732 manus
563 2669 641 2728 ad
667 2668 992 2740 Quirinalia
1031 2672 1304 2745 paratum
1346 2671 1408 2729 in
1449 2687 1524 2729 eo
1567 2670 1751 2729 multo
1793 2688 1995 2731 sumus
2015 2678 2016 2681 ’
2033 2688 2208 2746 supe-

315 2765 497 2829 riores
525 2766 706 2843 ipsius
734 2767 921 2844 copiis
939 2785 978 2838 3.
1001 2777 1060 2826 et
1095 2785 1314 2843 magna
1338 2784 1551 2826 manus
1579 2786 1652 2826 ex
1681 2767 1899 2827 Piceno
1926 2777 1987 2827 et
2013 2766 2208 2827 Gallia

318 2872 704 2938 exspectatur,
741 2874 806 2927 ut
845 2863 1018 2926 etiam
1061 2862 1305 2924 Catonis
1344 2866 1744 2941 rogationibus
1782 2865 1856 2924 de
1882 2863 2106 2925 Milone
2143 2875 2210 2926 et
2254 2914 2256 2916 .

319 2956 571 3024 Lentulo
610 2961 958 3025 resistamus.
1045 2975 1098 3035 5.
1130 2963 1203 3027 A.
1232 2963 1288 3021 d.
1327 2981 1433 3023 1111.
1474 2963 1617 3022 Idus
1657 2962 1827 3023 Febr.
1870 2961 2090 3023 Sestius
2130 2965 2207 3022 ab

318 3056 510 3127 ,indice
540 3055 651 3125 Cn.
680 3055 861 3119 Nerio
881 3058 1138 3136 ¹Pupinia
1164 3060 1417 3121 ambitus
1444 3071 1532 3119 est
1559 3060 1883 3137 postulatus
1910 3073 1969 3121 et
1995 3062 2208 3121 eodem

319 3156 415 3215 die
451 3173 487 3213 a
524 3155 785 3232 quodam
831 3155 917 3221 M.
949 3157 1146 3216 Tullio
1186 3158 1259 3216 de
1297 3158 1369 3216 vi.
1454 3157 1517 3218 Is
1553 3169 1675 3217 erat
1713 3178 1920 3235 aeger:
1964 3161 2206 3219 domum

316 3266 384 3315 ut
439 3255 765 3326 debuimus,
822 3255 899 3314 ad
952 3274 1088 3315 eum
1131 3255 1327 3314 statim
1366 3256 1630 3315 venimus
1673 3257 1844 3334 eique
1883 3275 1995 3316 nos
2050 3265 2208 3317 totos

321 3353 684 3423 tradidimus,
728 3353 904 3430 idque
952 3348 1195 3413 fecimus
1235 3364 1463 3431 praeter
1502 3354 1804 3413 hominum
1848 3355 2206 3431 opinionem,

318 3452 422 3528 qui
474 3469 588 3511 nos
643 3450 698 3511 ei
753 3450 875 3510 iure
929 3469 1271 3515 succensere
1326 3453 1625 3535 putabant,
1689 3461 1754 3512 ut
1805 3452 2208 3519 humanissimi
