2642 3925
306 260 389 325 sp.
423 274 443 311 1
458 245 530 333 ιζ]
754 259 976 313 EPIST.
1019 257 1129 308 AD·
1159 256 1498 308 Arne-rm·
1530 256 1628 311 11..
1667 246 1766 311 18.
2103 258 2186 327 29

303 421 427 491 ego'
463 433 561 475 ne·
588 416 730 475 illud
778 416 1017 493 quidem
1061 417 1454 485 contemnam,
1502 412 1662 490 quod
1706 413 2033 471 'extremum
2082 421 2186 469 est.

304 514 397 573 Te
432 514 495 573 in
531 515 797 591 Arpinati
830 514 1150 572 videbimus
1186 523 1245 573 et
1279 512 1534 588 hospitio
1570 511 1782 589 agresti
1818 510 2189 587 accipiemuS,

303 612 582 688 quoniam
609 612 980 672 maritumum
1002 611 1121 671 hoc
1148 609 1563 687 'contempsisti-
1665 614 1746 675 b

1883 674 1934 694 ιθ

1773 682 1843 718 .,.

740 781 836 837 ιι.
872 850 879 855 ,
921 756 1039 837 AD
1082 775 1472 837 ATTICUM
1512 776 1595 836 11.
1643 778 1736 838 18.
1787 702 1842 783 ἀ
1875 699 1923 774 ²>

549 946 553 951 .
636 887 773 951 Sca.
819 889 1044 951 Rome
1069 908 1258 950 mse
1284 891 1458 951 Iumo
1499 908 1672 953 A.U.c.
1713 893 1851 967 695.

910 1014 1140 1057 cremo
1181 1015 1397 1057 Ar‘rrco
1434 1015 1560 1057 su„

392 1126 445 1171 1.
490 1109 707 1171 Accam
758 1110 978 1188 aliquot
1020 1109 1298 1187 epistolas
1346 1120 1492 1182 tuaS,
1542 1128 1615 1169 ex
1664 1109 1872 1188 quibus
1917 1107 2206 1177 intellexi,

304 1221 486 1285 quam
522 1226 807 1286 suspenso
844 1209 1045 1267 animo
1072 1218 1132 1267 et
1158 1208 1401 1267 sollicito
1439 1209 1583 1268 scire
1619 1226 1834 1277 avereS,
1863 1208 2002 1283 quid
2038 1214 2193 1267 esset

308 1306 477 1366 novi:
515 1297 780 1365 tenemur
798 1307 1081 1382 undique,
1108 1322 1302 1381 neque
1338 1306 1456 1385 iam
1492 1322 1611 1382 quo
1646 1306 1842 1363 minus
1880 1305 2193 1363 serviamus

307 1422 657 1475 recusamuS,
694 1402 802 1462 sed
838 1413 1088 1463 mortem
1116 1411 1174 1460 et
1197 1403 1545 1462 eiectionem
1583 1402 1748 1479 quasi
1774 1402 1994 1462 maiora
2029 1402 2194 1461 time-

310 1519 457 1572 mus,
496 1518 647 1577 quae
688 1500 872 1569 multo
908 1509 1043 1559 sunt
1078 1499 1346 1573 minora;
1401 1503 1574 1577 atque
1613 1499 1708 1557 hic
1743 1505 1826 1557 est
1860 1510 2059 1571 statua,
2097 1500 2195 1576 qui

312 1618 430 1657 una
454 1616 599 1657 voce
627 1598 889 1657 omnium
926 1595 1177 1674 gemitur
1212 1614 1405 1673 neque
1431 1598 1609 1656 verbo
1640 1598 1980 1673 cuiusquam
2008 1597 2197 1656 suble-

311 1707 509 1755 vatur:
574 1699 769 1753 σκοπὸς
808 1705 914 1765 est,
956 1703 1022 1752 ut
1075 1693 1356 1769 suspicor,
1399 1694 1527 1765 illis,
1569 1694 1670 1769 qui
1724 1702 1938 1765 tenent,
1979 1694 2198 1753 nullam

315 1796 585 1873 cuiquam
612 1794 976 1870 largitionem
1012 1792 1353 1869 relinquere.
1436 1792 1607 1851 Unus
1643 1792 1894 1867 loquitur
1921 1802 1984 1850 et
2005 1794 2200 1868 palam

315 1893 649 1952 adversatur
722 1891 1061 1950 adulescens
1136 1888 1347 1949 Curio,
1430 1890 1563 1950 huic
1639 1889 1876 1968 plausus
1941 1890 2199 1959 maximi,

318 1989 703 2051 consalutatio
737 1971 985 2047 forensis
1022 1987 1464 2064 perhonorifica,
1493 1989 1662 2064 signa
1693 1997 1989 2064 praeterea
2022 1989 2200 2047 bene·

319 2088 601 2147 volentiae
636 2087 923 2163 permulta
958 2102 995 2142 a
1030 2085 1202 2144 bonis
1236 2087 1671 2163 impertiuntur·
1652 2129 1671 2158 ,
1719 2085 1950 2144 Fufium
1986 2086 2202 2145 clamo-

319 2185 481 2244 ribus
520 2194 579 2243 et
619 2185 881 2243 convitiis
922 2192 981 2240 et
1022 2181 1201 2241 sibilis
1243 2195 1668 2246 consectantur.
1750 2182 1864 2243 His
1911 2202 1983 2244 ex
2030 2185 2204 2243 rebus

318 2300 446 2344 non
504 2299 657 2358 epea,
712 2282 818 2340 sed
872 2279 1038 2341 dolor
1101 2290 1189 2339 est
1250 2281 1454 2354 maior,
1521 2300 1658 2342 cum
1707 2281 1904 2340 videas
1969 2282 2206 2341 civitatis

316 2378 675 2440 ‚voluntatem
694 2378 983 2448 solutam,
1027 2377 1292 2436 virtutem
1334 2378 1642 2454 alligatam.
1727 2397 1782 2437 2.
1810 2380 1902 2439 Ac
1943 2397 2020 2439 ne
2058 2378 2206 2438 forte

316 2493 565 2552 quaeras
589 2477 717 2532 κατὰ
741 2479 931 2534 λεπτὸν
966 2478 1041 2537 de
1078 2475 1317 2551 singulis
1354 2478 1544 2547 rebuS,
1580 2475 1847 2536 universa
1879 2493 1974 2535 res
2009 2494 2083 2535 eo
2119 2486 2209 2536 est

325 2572 592 2644 deducta,
628 2589 764 2648 spes
799 2580 863 2631 ut
898 2574 1057 2632 nulla
1092 2574 1165 2632 sit
1202 2573 1516 2651 aliquando
1555 2592 1677 2634 non
1718 2574 1900 2633 modo
1927 2574 2206 2650 privatos

325 2688 524 2742 verum
573 2669 747 2729 etiam
798 2670 1167 2746 magistratus
1219 2668 1432 2730 liberos
1485 2671 1624 2734 fore.
1710 2673 1845 2731 Hac
1898 2680 2095 2730 tamen
2147 2671 2209 2728 in

328 2768 709 2844 oppressione
746 2785 938 2826 sermo
965 2768 1026 2826 in
1054 2767 1278 2827 circulis
1316 2769 1615 2828 dumtaxat
1641 2771 1786 2828 etin
1814 2767 2086 2826 conviviis
2121 2780 2211 2826 est

322 2866 576 2938 liberior,
605 2883 781 2943 quam
811 2865 949 2939 fuit3
989 2866 1231 2926 vincere*
1246 2866 1447 2944 incipit
1473 2869 1741 2926 timorem
1768 2866 1952 2937 dolor,
1979 2866 2087 2925 sed
2113 2866 2210 2937 ita,

330 2974 397 3023 ut
448 2963 651 3026 omnia
706 2962 817 3022 sint
863 2963 1199 3040 plenissima
1261 2964 1694 3040 desperationis.
1777 2963 1976 3023 Habet
2037 2965 2212 3024 etiam

320 3060 639 3139 §ampana
674 3059 768 3122 lex
804 3061 1260 3123 exsecrationem
1286 3062 1347 3120 in
1375 3062 1648 3122 conu'one
1682 3062 2134 3134 candidatorum,
2163 3064 2214 3122 si

230 3221 244 3238 ι
333 3159 692 3218 mentionem
728 3157 984 3229 fecerint,
1020 3175 1140 3235 qua
1174 3158 1336 3218 aliter
1371 3177 1510 3236 ager
1546 3160 1903 3236 possideatur
1940 3171 2113 3236 atque
2149 3171 2215 3220 ut

329 3274 408 3314 ex
444 3256 669 3332 legibus
704 3255 897 3314 Iuliis:
946 3273 1070 3315 non
1106 3255 1368 3316 dubitant
1403 3257 1590 3316 iurare
1629 3258 1836 3318 ceteri·
1817 3301 1836 3330 ,
1885 3256 2224 3316 Laterensis

328 3353 690 3412 existimatur
752 3353 925 3414 laute
969 3351 1191 3423 secisse,
1250 3353 1412 3428 quod
1466 3354 1824 3413 tribunatum
1878 3353 1952 3428 pl.
2020 3362 2216 3428 petere

330 3449 568 3523 destitit,
593 3468 670 3519 ne
698 3450 955 3516 iuraret.
1008 3467 1065 3526 3.
1112 3449 1241 3516 Sed
1256 3451 1331 3512 de
1368 3468 1456 3514 re
1469 3451 1710 3527 publica
1734 3467 1858 3510 non
1892 3449 2030 3510 libet
2055 3450 2220 3526 plura
