2642 3925
460 258 585 318 240
993 252 1080 300 Μ.
1131 253 1372 301 TULLII
1413 255 1617 303 crem
1625 254 1788 304 oms
2116 244 2259 327 [Pars
2288 255 2346 303 v,

457 403 735 462 Pisonem
798 400 1021 461 ferebat
1085 403 1147 462 in
1213 403 1454 474 caelum,
1523 422 1586 463 se
1652 414 1847 463 autem
1915 404 2127 476 laetari,
2185 404 2347 481 quod

456 503 795 579 effugissem
843 502 987 561 duas
1042 503 1331 562 maximas
1386 504 1862 581 vituperationes:
1921 523 2120 576 unam,
2169 522 2348 580 quam

460 602 659 659 itinere
694 599 964 659 faciendo
1003 617 1099 658 me
1138 601 1547 676 intellegebam
1585 602 1894 679 suscipere,
1925 603 2345 679 desperationis

458 718 526 757 ac
574 698 885 757 relictionis
933 697 1015 755 rei
1063 698 1344 774 publicae,
1387 698 1593 758 flentes
1640 718 1872 758 mecum
1920 699 2095 776 vulgo
2143 717 2350 776 quere-

455 796 681 866 bantur,
739 794 949 871 quibus
1015 794 1090 852 de
1154 814 1290 855 meo
1346 796 1514 855 celeri
1569 797 1755 856 reditu
1806 815 1930 856 non
1985 799 2346 874 probabam3

458 896 713 965 alteram,
755 894 829 952 de
870 910 987 969 qua
1028 892 1239 953 Brutus
1281 904 1340 953 et
1381 895 1481 972 qui
1531 913 1650 954 una
1697 896 2105 955 erant—multi
2153 905 2348 954 autem

458 989 1079 1060 erant—laetabantur,
1109 991 1271 1066 quod
1308 1009 1440 1050 eam
1482 992 1956 1068 vituperationem
1994 992 2345 1069 effugissem,

458 1106 556 1146 me
585 1087 897 1146 existimari
926 1088 1002 1146 ad
1031 1087 1320 1165 Olympia.
1393 1088 1530 1147 Hoc
1559 1107 1695 1148 vero
1725 1089 1864 1147 nihil
1891 1090 2112 1165 turpius
2140 1089 2350 1166 quovis
2392 1079 2405 1092 “

456 1185 539 1243 rei
588 1183 855 1261 publicae
905 1195 1185 1260 tempore,
1229 1185 1332 1244 sed
1380 1186 1496 1244 hoc
1543 1188 1942 1257 ἀναπολόγητον.
2026 1185 2161 1262 Ego
2210 1204 2349 1245 vero

457 1293 653 1341 austro
701 1281 913 1357 gratias
960 1283 1153 1353 miraS,
1196 1283 1296 1359 qui
1341 1301 1437 1341 me
1488 1301 1523 1342 a
1571 1293 1730 1341 tanta
1779 1283 2014 1342 infamia
2060 1286 2346 1343 averterit.

460 1381 514 1437 6.
558 1379 929 1437 Reversionis
966 1379 1071 1438 has
1113 1375 1464 1459 [speciosas]
1511 1398 1717 1439 causas
1759 1380 1957 1451 habes,
1996 1381 2176 1440 iustas
2220 1382 2348 1439 illas

459 1477 694 1555 quidem
752 1487 810 1536 et
861 1495 1123 1553 magnas,
1181 1478 1286 1537 sed
1340 1478 1498 1537 nulla
1553 1479 1772 1548 iustior,
1828 1495 2005 1554 quam
2062 1479 2225 1555 quod
2282 1488 2346 1536 tu

456 1575 614 1634 idem
656 1574 779 1632 aliis
819 1575 1051 1635 litteris:
1095 1581 1110 1606 ‘
1133 1576 1389 1653 provide,
1431 1576 1479 1635 si
1525 1577 1620 1635 cui
1668 1577 1810 1653 quid
1860 1577 2119 1649 debetur,
2164 1586 2229 1635 ut
2275 1577 2346 1635 sit

455 1673 613 1733 unde
641 1690 747 1749 par
774 1674 898 1750 pari
927 1673 1378 1750 respondeatur3
1422 1675 1663 1733 mirifica
1699 1676 1856 1733 enim
1896 1677 2221 1748 δυσχρηστία
2258 1683 2349 1732 est

458 1781 694 1849 propter
720 1780 941 1829 metum
971 1768 1298 1829 armorum!
1355 1771 1426 1829 In
1453 1771 1601 1831 freto
1629 1772 1826 1830 medio
1853 1772 2006 1831 hanc
2032 1771 2344 1848 epistolam

461 1869 589 1944 legi,
632 1878 712 1939 ut,
756 1868 897 1945 quid
947 1886 1185 1945 possem
1232 1869 1551 1945 providere.
1593 1870 1656 1928 in
1708 1879 1965 1928 mentem
2020 1869 2163 1928 mihi
2219 1887 2346 1928 non

458 1968 692 2038 veniret,
734 1968 845 2026 nisi
893 1967 1054 2044 quod
1100 1985 1374 2044 praesens
1421 1986 1518 2026 me
1566 1968 1692 2045 ipse
1747 1967 2139 2028 defenderem.
2226 1964 2346 2027 Sed

457 2065 603 2124 haec
635 2065 949 2136 hactenus;
992 2065 1214 2142 reliqua
1253 2083 1469 2124 coram.
1558 2079 1611 2140 7.
1654 2065 1895 2124 Antonii
1933 2066 2190 2125 edictum
2227 2066 2346 2142 legi

458 2182 494 2221 a
522 2163 721 2234 Brut0,
750 2174 808 2222 et
834 2163 1044 2222 horum
1072 2172 1307 2222 contra:
1352 2163 1629 2240 scriptum
1659 2164 1968 2238 praeclare.
2054 2163 2175 2224 Sed
2202 2165 2344 2242 quid

457 2260 568 2316 ista
595 2258 785 2318 edicta
812 2259 1036 2318 valeant
1063 2271 1161 2319 aut
1189 2278 1307 2337 quo
1339 2270 1618 2337 spectent,
1648 2260 1819 2337 plane
1854 2278 1978 2318 non
2013 2261 2202 2332 video,
2233 2280 2347 2321 nee

457 2374 573 2432 ego
622 2374 795 2428 nunc,
838 2366 902 2415 ut
950 2355 1161 2418 Brutus
1211 2350 1502 2430 censebat,
1544 2358 1691 2416 istuc
1740 2358 1816 2417 ad
1869 2376 1993 2424 rem
2049 2359 2344 2434 publicam

456 2453 879 2531 capessendam
929 2455 1128 2525 venio;
1180 2455 1323 2532 quid
1370 2456 1527 2514 enim
1576 2455 1698 2514 fieri
1746 2456 1977 2531 potest?
2026 2474 2170 2515 num
2213 2457 2345 2533 quis

456 2551 658 2610 Pisoni
710 2562 800 2609 est
855 2551 1175 2611 adsensus?
1196 2592 1201 2597 -
1223 2571 1368 2610 num
1416 2553 1583 2612 rediit
1637 2553 1764 2629 ipse
1819 2553 2139 2629 postridie?
2226 2553 2345 2614 Sed

456 2652 663 2708 abesse
704 2649 858 2708 hanc
897 2659 1145 2709 aetatem
1184 2651 1361 2727 longe
1402 2669 1437 2708 a
1479 2651 1747 2728 sepulcro
1786 2662 2006 2726 negant
2053 2665 2341 2728 oportere.

460 2749 513 2807 8.
559 2746 674 2806 Sed
703 2748 949 2806 obsecro
976 2752 1051 2820 te,
1081 2747 1221 2825 quid
1248 2759 1338 2806 est
1365 2748 1527 2824 quod
1554 2746 1749 2806 audivi
1776 2746 1850 2805 de
1879 2745 2102 2805 Bruto?
2139 2748 2346 2807 Piliam

454 2848 782 2917 πειράζεσθαι
806 2845 1097 2918 παραλύσει
1123 2855 1180 2904 te
1209 2846 1508 2921 scripsisse
1545 2845 1768 2903 aiebat:
1808 2844 1974 2903 valde
2013 2863 2146 2904 sum
2180 2865 2345 2906 com-

455 2952 683 3014 motus;
725 2943 832 3001 etsi
866 2942 1023 3002 idem
1066 2953 1120 3001 te
1163 2943 1410 3001 scribere
1453 2959 1683 3018 sperare
1723 2941 1946 3003 melius,
2031 2941 2124 3000 Ita
2167 2943 2344 3020 plane

454 3037 626 3095 velim
654 3048 710 3097 et
736 3040 795 3096 ei
814 3040 973 3099 dieas
1000 3040 1306 3116 plurimam
1335 3039 1579 3098 salutem
1607 3048 1666 3097 et
1693 3039 2063 3099 suavissimae
2092 3041 2340 3101 Atticae.

458 3134 628 3192 Haec
691 3136 894 3213 scripsi
955 3138 1253 3214 navigans,
1310 3155 1446 3197 cum
1500 3135 1925 3214 Pompeianum
1978 3139 2340 3210 accederem,

456 3249 599 3290 xrm.
629 3230 762 3292 Kal.
