2642 3925
469 255 522 326 :1'
531 251 616 333 84
900 306 912 319 .
1041 266 1119 318 Μ.
1163 268 1407 316 Tuan
1447 268 1821 317 CICERONIS
2117 249 2259 341 [Pars
2281 268 2366 316 w.

568 435 619 492 3.
666 414 805 489 Qua
829 435 908 488 re,
937 417 987 476 si
1014 418 1144 494 quis
1173 436 1520 494 congressus
1549 416 1716 477 suerit
1750 417 1893 476 mihi
1932 435 2067 476 cum
2095 416 2366 486 Caesare,

483 516 590 573 etsi
632 533 754 573 non
798 515 1014 584 dubito,
1045 516 1185 592 quin
1226 516 1278 575 is
1318 515 1465 574 lenis
1504 516 1567 574 in
1607 516 1767 573 illum
1810 515 2033 573 futurus
2076 515 2148 571 sit
2187 514 2365 589 idque

479 612 599 670 iam
635 612 1021 686 declaraverit,
1051 631 1164 689 ego
1202 622 1399 672 tamen
1427 613 1477 682 is
1513 630 1631 683 ero,
1660 614 1759 689 qui
1788 631 2017 689 semper
2044 611 2143 671 fui.
2228 611 2362 683 Sed,

479 718 549 769 ut
583 696 772 783 video,
811 710 994 768 multo
1036 711 1223 788 magis
1267 720 1357 770 est
1396 712 1566 770 nobis
1605 710 1989 769 laborandum
2032 710 2108 768 de
2150 710 2362 782 Africa,

472 825 656 884 *quam
685 808 919 884 quidem
949 817 1010 866 tu
1038 808 1238 867 scribis
1267 809 1595 867 confirmari
1616 810 1876 884 quotidie
1904 809 2092 883 magis
2121 808 2196 866 ad
2221 826 2361 867 con-

470 893 720 964 dicionis
765 921 931 980 spem
975 923 1150 981 quam
1194 907 1477 965 victoriae.
1568 906 1751 977 Quod
1791 906 2014 965 utinam
2055 908 2136 963 ita
2176 908 2358 964 esset!

473 994 582 1062 'sed
608 1002 782 1079 longe
811 1002 971 1060 aiiter
998 1020 1124 1062 esse
1164 1002 1455 1080 intellego,
1487 1015 1658 1080 teque
1689 1006 1881 1079 ipsum
1918 1004 1997 1062 ita
2034 1004 2360 1061 existimare

475 1100 734 1169 arbitror,
777 1099 937 1158 aliter
980 1109 1174 1158 autem
1220 1102 1488 1172 scribere,
1530 1119 1652 1161 non
1701 1101 1953 1172 fallendi,
1999 1101 2105 1160 sed
2149 1101 2357 1161 confir-

446 1185 673 1282 ·rnandi
702 1198 818 1256 mei
847 1216 1038 1269 causa,
1068 1189 1407 1274 praesertim
1446 1217 1581 1257 cum
1616 1201 1960 1276 adiungatur
1998 1199 2072 1257 ad
2100 1199 2360 1258 Africam

475 1296 649 1353 etiam
691 1293 996 1371 Hispania.
1082 1314 1135 1367 4.
1181 1296 1361 1367 Quod
1403 1316 1501 1355 me
1543 1298 1844 1368 admones,
1888 1306 1953 1354 ut
1994 1298 2244 1356 scribam
2285 1298 2361 1358 ad

473 1384 797 1451 'Antonium
834 1402 892 1450 et
928 1393 1004 1451 ad
1037 1403 1278 1464 ceteros,
1310 1395 1359 1452 si
1389 1395 1528 1471 quid
1556 1394 1838 1453 videbitur
1877 1389 1980 1453 tibi
2022 1398 2173 1470 opu‘s
2213 1412 2358 1466 esse,

473 1492 646 1549 velim
679 1491 856 1549 facias
894 1491 971 1561 id,
1001 1492 1162 1568 quod
1200 1510 1375 1570 saepe
1402 1493 1617 1566 fecisti3
1666 1494 1805 1551 nihil
1846 1494 2002 1551 enirn
2038 1494 2180 1552 mihi
2207 1495 2360 1553 venit

475 1590 536 1648 in
561 1600 837 1661 mentem,
884 1590 1047 1665 quod
1095 1590 1465 1649 scribendum
1514 1601 1729 1668 putem.
1815 1589 1996 1662 Quod
2044 1609 2140 1649 me
2195 1591 2358 1649 audis

474 1686 815 1760 erectiorem
850 1704 981 1744 esse
1019 1687 1234 1757 animo,
1265 1687 1404 1763 quid
1432 1699 1617 1763 putaS,
1648 1706 1783 1746 cum
1810 1688 2007 1746 videas
2045 1690 2359 1747 accessisse

475 1787 551 1846 ad
606 1785 929 1862 superiores
984 1786 1373 1861 aegritudines
1427 1787 1754 1863 praeclaras
1806 1788 2006 1863 generi
2060 1790 2359 1847 actiones?

475 1882 573 1973 ssu
609 1887 803 1941 tamen
832 1884 1002 1942 velim
1044 1902 1118 1942 ne
1155 1884 1513 1955 intermittas,
1543 1886 1706 1962 quod
1740 1886 1860 1944 eius
1897 1885 2086 1944 facere
2126 1887 2357 1962 poteriS,

474 1983 721 2043 scribere
752 1984 828 2042 ad
854 2002 967 2054 me,
990 1983 1166 2040 etiam
1195 1982 1242 2041 si
1271 2001 1411 2050 rem,
1436 1983 1508 2042 de
1539 2002 1656 2060 qua
1683 1985 1919 2056 scribaS,
1941 2002 2064 2043 non
2084 1984 2356 2056 habebis;

474 2101 706 2158 semper
734 2084 892 2142 enim
931 2082 1198 2141 adferunt
1231 2082 1445 2159 aliquid
1483 2084 1623 2141 mihi
1652 2094 1785 2143 tuae
1823 2083 2059 2142 litterae.
2146 2082 2358 2143 Galeo-

474 2180 567 2239 nis
607 2179 982 2240 hereditatem
1022 2183 1212 2241 crevi·
1194 2227 1212 2256 ,
1275 2193 1421 2258 puto
1468 2184 1623 2241 enim
1673 2183 1991 2242 cretionem
2039 2183 2358 2260 simplicem

476 2274 672 2346 fuisse,
729 2279 1009 2352 quoniam
1075 2279 1150 2339 ad
1210 2298 1307 2338 me
1373 2280 1532 2338 nulla
1592 2281 1771 2339 missa
1824 2290 1931 2340 est.
2035 2297 2158 2339 vm.
2220 2281 2360 2340 Idus

474 2368 735 2471 MartiaS.

835 2532 931 2591 83.
1014 2531 1131 2591 AD
1172 2531 1682 2592 FAMILIARES
1723 2532 1933 2593 XV.1
1906 2547 1998 2609 15.

1002 2645 1134 2707 Scn.
1166 2624 1472 2707 BRUNnrsrr
1512 2667 1566 2706 A.
1572 2665 1627 2706 υ.
1631 2665 1681 2706 c.
1712 2660 1849 2722 707.

1042 2771 1104 2813 Μ.
1136 2772 1342 2815 menno
1368 2771 1410 2813 s.
1437 2772 1498 2813 1).
1515 2771 1566 2814 c.
1588 2771 1796 2814 cassro.

478 2858 483 2863 ⁵
563 2886 612 2929 1.
653 2866 799 2929 Ersr
823 2879 1064 2945 uterque
1092 2879 1358 2929 nostrum
1398 2887 1504 2946 spe
1541 2868 1704 2944 pacis
1739 2877 1797 2926 et
1835 2868 1975 2927 odio
2014 2869 2191 2930 civilis
2231 2889 2358 2928 san·

476 2952 668 3047 guinis
716 2965 920 3024 abesse
969 2982 1005 3023 a
1051 2963 1185 3033 belli
1232 2964 1550 3039 pertinacia
1590 2963 1785 3032 voluit,
1828 2972 2041 3033 tamen,
2085 2965 2361 3038 quoniam

477 3060 603 3118 eius
629 3061 853 3119 consilii
887 3062 1158 3138 princeps
1192 3078 1307 3136 ego
1346 3059 1524 3118 fuisse
1562 3060 1780 3130 videor,
1808 3059 1938 3136 plus
1978 3059 2224 3120 fortasse
2262 3064 2361 3122 tibi
2426 3044 2432 3050 ⁵

479 3167 771 3235 praestare
801 3159 927 3234 ipse
940 3157 1145 3231 ,debeo
1176 3176 1351 3235 quam
1381 3176 1417 3215 a
1444 3168 1500 3215 te
1530 3167 1898 3233 exspectare:
1942 3159 2066 3229 etsi,
2096 3171 2160 3217 ut
2188 3178 2360 3238 saepe

479 3252 639 3339 soleo
680 3273 915 3313 mecum
955 3256 1261 3325 recordari,
1293 3273 1487 3314 sermo
1530 3255 1821 3314 familiaris
1863 3275 2029 3316 meus
2073 3268 2266 3317 tecum
2306 3271 2366 3319 et

478 3355 618 3433 item
654 3370 886 3411 mecum
922 3364 1057 3412 tuus
1095 3354 1334 3413 adduxit
1371 3365 1678 3430 utrumque
1715 3365 1977 3417 nostrum
2014 3356 2091 3416 ad
2126 3356 2188 3416 id
2224 3376 2364 3431 conf

481 3442 688 3522 silium,
716 3461 779 3509 ut
815 3468 935 3509 uno
979 3451 1200 3528 proelio
1240 3463 1595 3530 putaremuS,
1626 3453 1675 3512 si
1716 3472 1840 3514 non
1881 3463 2064 3514 totam
2107 3474 2361 3536 causam,
