2642 3925
421 230 511 290 40
542 263 547 269 .
972 211 1048 275 M.
1093 222 1346 275 Τυιιιι,
1373 224 1576 273 crem
1583 224 1746 273 oms
2105 212 2242 295 [Pars
2256 226 2292 277 1.

424 378 819 457 Theopompo
846 380 1135 454 mandavi,
1156 398 1290 441 cum
1318 400 1511 441 essem
1539 379 1872 441 admonitus
1899 371 1976 441 ab
2003 381 2151 459 ipso,
2171 382 2302 450 vide

424 496 527 553 per
558 477 828 537 homines
865 488 1129 538 amantes
1166 479 1267 549 tui,
1296 479 1461 554 quod
1497 490 1585 539 est
1612 478 1796 550 facile,
1824 487 1889 537 ut
1915 478 2060 539 haec
2088 494 2305 555 genera

424 574 695 632 tollantur
733 575 1124 651 epistolarum,
1158 576 1411 651 primum
1447 575 1795 654 iniquarum,
1824 575 2036 635 deinde
2072 586 2303 635 contra-

421 672 659 742 riarum,
686 680 811 730 tum
838 672 1086 731 absurde
1112 681 1172 731 et
1207 672 1482 733 inusitate
1520 676 1880 750 scriptarum,
1908 682 2208 749 postremo
2244 675 2308 732 in

422 767 675 844 aliquem
718 770 1289 829 contumeliosamm.
1371 770 1568 849 Atque
1614 789 1728 847 ego
1785 770 1946 856 haec·
1981 780 2102 829 tam
2157 788 2303 841 esse,

422 884 601 942 quam
646 865 840 936 audio,
881 883 1008 925 non
1051 875 1211 943 puto,
1261 877 1338 940 et,
1376 867 1426 926 si
1471 877 1604 927 sunt
1659 867 2138 943 occupationibus
2191 869 2305 927 tuis

422 964 615 1021 minus
656 963 1070 1036 animadversa,
1099 983 1258 1023 nunc
1290 965 1556 1041 perspice
1591 976 1650 1024 et
1686 983 1889 1041 purga.
1972 960 2120 1041 Legi
2150 966 2303 1041 epis-

421 1060 620 1132 tolam,
648 1079 825 1138 quam
859 1062 987 1137 ipse
1025 1062 1321 1137 scripsisse
1363 1061 1520 1121 Sulla
1554 1062 1958 1121 nomenclator
1985 1061 2172 1121 dictus
2199 1071 2304 1134 est,

423 1175 547 1216 non
594 1159 992 1235 probandam3
1049 1159 1165 1235 legi
1219 1177 1342 1219 non
1397 1161 1583 1219 nullas
1638 1161 1962 1221 iracundae.
2052 1178 2142 1219 10.
2187 1161 2306 1220 Sed

422 1265 685 1331 tempore
716 1255 848 1329 ipso
889 1256 961 1314 de
1000 1255 1289 1332 epistolis:
1333 1276 1471 1316 nam
1509 1276 1644 1317 cum
1681 1258 1834 1316 hanc
1871 1259 2146 1334 paginam
2181 1268 2307 1318 ten-

420 1371 596 1425 erem,
633 1352 702 1411 L.
742 1353 988 1425 FlaviuS,
1019 1364 1251 1429 praetor
1288 1354 1644 1430 designatus,
1676 1355 1755 1414 ad
1790 1374 1886 1414 me
1922 1356 2093 1426 venit,
2122 1355 2306 1416 homo
2363 1361 2370 1368 '

422 1450 563 1508 mihi
600 1449 769 1509 valde
811 1450 1121 1511 familiaris
1204 1450 1269 1511 Is
1309 1453 1469 1524 mihi,
1509 1462 1566 1511 te
1606 1453 1684 1512 ad
1723 1463 2128 1528 procuratores
2169 1472 2308 1513 suos

421 1547 639 1606 litteras
667 1548 913 1620 misisse,
936 1566 1087 1625 quae
1113 1548 1258 1608 mihi
1286 1550 1441 1609 visae
1471 1559 1605 1609 sunt
1631 1550 2041 1627 iniquissimae,
2063 1569 2139 1609 ne
2165 1552 2307 1628 quid

424 1647 501 1705 de
526 1646 719 1718 bonis,
747 1665 898 1723 quae
924 1645 994 1705 L.
1025 1645 1251 1707 Octavii
1279 1647 1537 1707 Nasonis
1565 1647 1823 1719 fuissent,
1851 1649 1946 1707 cui
1978 1648 2049 1708 L.
2077 1648 2306 1707 Flavius

424 1743 591 1802 heres
618 1752 722 1814 est,
751 1743 1154 1803 deminuerent
1178 1756 1330 1816 ante,
1362 1764 1539 1822 quam
1569 1744 1636 1805 C.
1660 1745 1969 1804 Fundanio
1996 1746 2307 1821 pecuniam

424 1839 761 1914 solvissent;
810 1841 1067 1918 itemque
1120 1843 1352 1902 misisse
1407 1843 1484 1902 ad
1539 1843 2074 1920 Apollonidenses,-
2101 1861 2176 1901 ne
2232 1843 2306 1901 de

423 1938 613 2010 boniS,
658 1956 809 2015 quae
855 1938 1083 1999 Octavii
1130 1938 1394 2012 fuissent,
1444 1939 1700 1999 deminui
1750 1949 2084 2016 paterentur
2130 1938 2305 2016 priuS,

425 2054 601 2112 quam
628 2036 936 2095 Fundanio
965 2037 1224 2096 debitum
1258 2037 1513 2096 solutum
1551 2047 1721 2096 esset.
1804 2035 1974 2095 Haec
2011 2037 2153 2095 mihi
2188 2039 2306 2096 veri

425 2132 631 2190 similia
678 2150 800 2190 non
848 2134 1113 2193 videntur
1128 2154 1146 2207 ;
1196 2145 1332 2194 sunt
1372 2135 1530 2194 enim
1570 2153 1607 2192 a
1633 2134 1940 2210 prudentia
1977 2143 2078 2192 tua
2116 2152 2305 2192 remo-

421 2229 661 2288 tissima.
746 2235 761 2260 ‘
783 2229 877 2288 Ne
907 2230 1205 2290 deminuat
1231 2231 1474 2291 heres?’
1551 2231 1713 2303 Quid
1741 2231 1789 2288 si
1817 2231 2122 2289 infitiatur?
2164 2232 2303 2306 quid

423 2325 473 2384 si
498 2325 742 2384 omnino
771 2343 895 2385 non
924 2326 1136 2386 debet?
1164 2329 1345 2405 quid?
1373 2339 1604 2404 praetor
1630 2329 1776 2387 solet
1797 2329 2046 2386 iudicare
2067 2328 2304 2386 deberi?

424 2421 621 2494 Quid?
664 2439 775 2498 ego
804 2422 1110 2483 Fundanio
1144 2442 1269 2483 non
1297 2426 1512 2501 cupio?
1553 2444 1675 2485 non
1712 2425 1934 2484 amicus
1973 2428 2141 2485 sum?
2183 2443 2305 2484 non

420 2519 811 2578 misericordia
853 2523 1135 2581 moveor?
1204 2521 1400 2581 Nemo
1448 2525 1672 2598 magis;
1720 2522 1824 2581 sed
1864 2523 1949 2580 vis
1999 2523 2134 2582 iuris
2181 2523 2305 2582 eius

418 2618 580 2677 modi
624 2628 713 2677 est
754 2619 1102 2694 quibusdam
1144 2621 1206 2678 in
1254 2622 1446 2692 rebus,
1489 2635 1553 2679 ut
1601 2620 1742 2678 nihil
1789 2620 1862 2678 sit
1906 2619 2021 2679 loci
2069 2622 2304 2696 gratiae.

418 2715 615 2792 Atque
656 2715 737 2774 ita
776 2715 917 2774 mihi
960 2716 1189 2776 dicebat
1236 2718 1464 2777 Flavius
1507 2719 1788 2794 scriptum
1829 2719 1891 2777 in
1933 2736 2004 2776 ea
2047 2718 2303 2795 epistola,

418 2832 596 2890 quam
624 2825 785 2873 tuam
814 2832 944 2873 esse
987 2815 1236 2888 dicebat,
1263 2825 1320 2889 te
1359 2824 1459 2874 aut
1498 2817 1664 2892 quasi
1701 2816 1904 2888 amicis
1941 2815 2054 2874 tuis
2090 2815 2306 2891 gratias

417 2923 683 2971 acturum
723 2923 823 2971 aut
864 2914 1029 2991 quasi
1070 2913 1319 2972 inimicis
1362 2913 1738 2972 incommoda
1779 2913 2122 2972 adlaturum.
2213 2931 2238 2970 1
2253 2932 2304 2973 1.

420 3005 580 3080 Quid
634 3009 855 3068 multa?
936 3009 1183 3070 Ferebat
1236 3010 1500 3086 graviter,
1545 3021 1604 3070 et
1651 3009 2023 3069 vehementer
2068 3029 2304 3070 mecum

418 3106 761 3182 querebatur
794 3107 1126 3184 orabatque,
1153 3117 1219 3166 ut
1254 3107 1332 3166 ad
1368 3118 1427 3167 te
1466 3125 1644 3184 quam
1685 3108 2122 3184 diligentissime
2165 3107 2301 3168 scri-

402 3187 650 3262 berem:
693 3203 856 3280 quod
894 3202 1045 3262 facio
1083 3214 1142 3263 et
1175 3213 1232 3263 te
1260 3222 1500 3281 prorsus
1527 3204 1898 3263 vehementer
1925 3206 2101 3265 etiam
2127 3216 2300 3282 atque

372 3324 375 3328 ·
417 3301 593 3358 etiam
630 3317 793 3376 rogo,
823 3308 888 3358 ut
929 3309 989 3358 et
1024 3302 1498 3375 procuratoribus
1525 3301 1705 3359 Flavii
1733 3302 1986 3359 remittas
2015 3302 2088 3360 de
2115 3303 2297 3360 demi-

414 3397 650 3455 nuendo
707 3406 766 3456 et
818 3395 1379 3474 Apollonidensibus
1433 3415 1510 3456 ne
1565 3399 1707 3474 quid
1754 3398 2094 3474 perscribas,
2139 3400 2299 3475 quod
