2642 3925
298 216 386 279 Ep.
419 199 552 288 132.]
706 214 930 264 EPIST.
975 213 1076 262 AD
1116 213 1566 262 FAMJLJARES
1606 214 1676 265 x,
1726 199 1785 262 8.
2068 216 2193 284 259

211 434 220 444 ,
296 375 396 424 aut
420 364 718 424 sordidum
739 364 1052 442 quicquam
1079 364 1198 442 pati
1227 375 1326 422 aut
1354 363 1750 443 perniciosum
1774 364 2190 442 concupiscere

295 464 524 538 potest?
610 481 662 538 3.
710 460 828 522 Sed
879 463 1242 538 aliquantum
1298 460 1473 519 nobis
1535 460 1819 535 temporis
1872 471 1933 519 et
1988 463 2189 537 magni

295 559 524 619 labores
566 569 626 618 et
677 560 894 618 multae
950 560 1252 635 impensae
1301 575 1455 633 opus
1499 556 1747 629 fuerunt,
1789 567 1869 628 ut,
1916 577 2065 636 quae
2107 561 2191 618 rei

295 657 559 732 publicae
587 659 876 733 bonisque
913 657 1189 715 omnibus
1227 657 1653 733 polliceremur,
1683 656 1841 714 exitu
1870 666 2191 732 praestare-

296 772 428 812 mus
453 773 643 831 neque
671 756 746 813 ad
773 753 1052 813 auxilium
1088 756 1310 830 patriae
1351 753 1494 812 nudi
1522 771 1657 812 cum
1686 755 1847 814 bona
1875 755 2187 826 voluntate,

295 852 402 912 sed
442 871 578 912 cum
631 852 995 911 facultatibus
1047 852 1477 912 accederemus..
1564 850 2020 912 Confirmandus
2069 862 2191 920 erat

295 951 577 1008 exercitus
614 951 803 1022 nobiS‚
831 949 1061 1024 magnis
1103 968 1281 1026 saepe
1317 950 1591 1026 praemiis
1627 950 1982 1022 sollicitatus,
2011 962 2075 1009 ut
2111 941 2203 1010 ab*

293 1065 357 1106 re
384 1049 614 1124 publica
641 1049 832 1124 potius
860 1049 1162 1107 moderata
1189 1066 1367 1124 quam
1397 1049 1473 1105 ab
1500 1066 1622 1107 uno
1651 1048 1876 1107 infinita
1904 1060 2187 1125 speraret;

295 1145 726 1204 confirmandae
769 1147 1103 1223 complures
1153 1147 1431 1216 civitates,
1481 1163 1633 1222 quae
1682 1147 1981 1224 superiore
2026 1166 2189 1208 anno

294 1243 689 1320 largitionibus
732 1244 1328 1320 concessionibusque
1383 1244 1776 1319 praemiorum
1802 1255 1987 1305 erant
2040 1246 2186 1304 obli-

294 1353 481 1418 gatae,
527 1352 590 1401 ut
644 1354 706 1401 et
759 1342 854 1401 illa
900 1360 1050 1400 vana
1089 1351 1361 1418 putarent
1408 1350 1469 1410 ‚et
1522 1341 1731 1400 eadem
1776 1361 1812 1401 a
1846 1342 2189 1404 melioribus

294 1441 624 1500 auctoribus
664 1440 919 1517 petenda
958 1440 1389 1512 existimarent3
1432 1437 1752 1499 eliciendae
1780 1441 1953 1500 etiam
1983 1443 2188 1502 volun-.

294 1550 440 1599 tates
490 1539 858 1615 reliquorum,
899 1537 1002 1614 qui
1050 1537 1314 1596 finitimis·
1356 1537 1667 1614 provinciis
1724 1540 2185 1617 exercitibusque

295 1635 686 1714 praefuerunt,
716 1645 778 1694 ut
804 1637 1000 1711 potius
1037 1654 1173 1694 cum
1210 1635 1472 1712 pluribus
1506 1636 1840 1695 societatem
1872 1638 2187 1698 defenden-

298 1735 407 1793 dae
455 1733 728 1792 libertatis
749 1733 1061 1804 ‘iniremus,
1091 1750 1271 1809 quam
1310 1750 1448 1791 cum
1488 1733 1856 1809 paucioribus
1893 1733 2184 1795 funestam

297 1832 426 1891 orbi
481 1841 756 1890 terrarum
805 1830 1102 1888 victoriam
1149 1829 1509 1905 partiremur.
1593 1848 1649 1902 4.
1693 1829 2001 1890 Muniendi
2048 1851 2185 1892 vero

297 1939 530 1989 nosmet
572 1929 685 2005 ipsi
732 1927 948 1987 suimus
991 1936 1166 1986 aucto
1210 1927 1467 1987 exercitu
1522 1927 1863 2005 auxiliisque
1918 1930 2187 2008 multipli-

297 2028 456 2098 catiS,
504 2038 584 2097 ut,
635 2044 770 2085 cum
825 2026 1244 2102 praeferremus
1301 2043 1508 2085 sensus
1568 2037 1781 2104 aperte,
1832 2038 1957 2087 tum
2011 2031 2187 2089 etiam

297 2124 487 2183 invitis
514 2123 861 2200 quibusdam
901 2123 1049 2195 sciri,
1080 2123 1220 2199 quid
1259 2122 1547 2181 defensuri
1574 2141 1854 2196 essemm,
1884 2143 2006 2185 non
2033 2139 2187 2187 esset

295 2220 702 2299 periculosum.
788 2221 878 2278 Ita
925 2238 1251 2295 numquam
1307 2220 1594 2297 diffitebor
1632 2221 1814 2281 multa
1854 2242 1967 2295 me,
2010 2237 2073 2285 ut
2110 2226 2186 2285 ad

297 2318 572 2377 effectum
628 2319 840 2377 horum
895 2318 1272 2378 consiliorum
1327 2319 1706 2394 pervenirem,
1764 2330 1824 2379 et
1884 2323 2183 2382 simulasse

297 2416 541 2475 invitum
596 2427 656 2476 et
703 2416 1096 2475 dissimulasse
1141 2434 1278 2474 cum
1324 2416 1541 2489 dolore,
1591 2417 1770 2493 quod,
1819 2432 2185 2496 praematura

300 2514 656 2573 denuntiatio
686 2514 828 2571 boni
869 2514 1006 2573 civis
1034 2514 1299 2590 imparati
1338 2532 1516 2590 quam
1555 2516 1884 2591 periculosa
1912 2528 2081 2589 esset,
2111 2536 2183 2575 ex

295 2631 436 2671 casu
463 2612 721 2688 collegae
749 2611 1033 2670 videbam.
1119 2626 1174 2686 5.
1217 2612 1359 2684 Quo
1397 2616 1635 2672 nomine
1660 2615 1838 2672 etiam
1868 2614 1936 2674 C.
1966 2614 2182 2674 Furnio

293 2712 502 2787 legate,
531 2709 653 2767 viro
694 2708 826 2767 forti
867 2718 1044 2783 atque
1085 2719 1339 2780 strenuo,
1369 2711 1536 2787 plura
1576 2712 1752 2769 etiam
1790 2714 1969 2771 verbo
2006 2731 2182 2789 quam

295 2807 574 2883 scriptura
614 2806 891 2864 mandata
934 2805 1220 2878 dedimus,
1247 2817 1313 2865 ut
1354 2817 1415 2865 et
1455 2809 1661 2867 tectius
1700 2809 1776 2867 ad
1819 2828 1925 2868 vos
1966 2810 2182 2887 perfer-

292 2917 490 2983 rentur
516 2915 573 2965 et
614 2922 724 2963 nos
751 2922 1014 2963 essemus
1056 2904 1312 2975 tutioreS,
1344 2906 1670 2983 quibusque
1710 2908 1884 2967 rebus
1920 2921 1979 2967 et
2019 2927 2182 2968 com·

291 3022 530 3065 munem
580 3003 831 3075 salutem·
869 3002 1080 3060 muniri
1125 3012 1183 3060 et
1227 3021 1339 3061 nos
1388 3008 1597 3063 armari
1641 3008 1970 3065 cenveniret
2013 3026 2179 3083 prae·

291 3104 568 3179 cepimuS.
655 3101 746 3158 Ex
795 3118 914 3177 quo
971 3100 1221 3177 intellegi
1275 3111 1469 3177 potest
1522 3122 1727 3163 curam
1779 3105 1863 3163 rei
1915 3106 2179 3181 publicae

293 3217 517 3258 summe
573 3197 974 3257 defendendae
1034 3200 1150 3256 iam
1210 3199 1439 3275 pridem
1493 3202 1652 3277 apud
1706 3220 1819 3261 nos
1874 3204 2177 3261 excubare.

295 3299 348 3355 6.
390 3296 583 3366 Nunc,
613 3313 747 3354 cum
787 3296 963 3354 deum
1000 3296 1356 3371 benignitate
1388 3300 1463 3357 ab
1491 3300 1657 3357 omni
1692 3318 1755 3359 re
1784 3317 1982 3358 sumus
2010 3316 2177 3375 para·

291 3394 480 3464 tiores,
523 3411 645 3451 non
702 3393 890 3452 solum
931 3396 1082 3453 bene
1127 3412 1357 3471 sperare
1400 3396 1474 3455 de
1516 3396 1689 3456 nobis
1744 3396 2029 3467 homines,
2072 3395 2178 3453 sed

1177 3510 1208 3553 s
1247 3512 1277 3551 2
