2642 3925
317 238 408 303 Ep.
438 229 549 316 36]
762 245 988 298 EPJST.
1033 246 1133 296 An
1172 246 1511 297 Aru-romu
1556 249 1614 300 ν.
1665 253 1767 302 21.
2102 253 2220 319 105

317 409 516 468 am‘as;
565 405 631 456 tu
675 396 835 456 enim
882 416 980 458 me
1027 398 1173 459 haec
1219 398 1411 460 facere
1454 399 1701 462 voluisti.
1785 404 1840 461 8.
1883 401 2001 460 Iter
2047 401 2218 476 igitur

318 494 399 562 ita
445 511 550 570 per
588 494 794 553 Asiam
840 494 972 567 feci,
1020 506 1083 555 ut
1126 498 1304 556 etiam
1354 497 1555 570 fames,
1600 517 1720 575 qua
1766 498 1907 557 nihil
1953 499 2218 557 miserius

319 601 425 663 est,
464 610 614 668 quae
650 602 776 652 tum
816 603 938 653 erat
973 594 1035 652 in
1076 594 1186 654 hac
1223 613 1361 655 mea
1396 596 1829 656 Asia—messis
1871 597 2027 656 enim
2062 596 2221 655 nulla

319 687 601 761 fuerat—,
630 690 773 749 mihi
808 692 1070 767 optanda
1107 692 1311 751 fuerit:
1354 711 1724 770 quacumque
1761 696 1867 753 iter
1905 693 2032 766 feci,
2062 692 2221 752 nulla

319 787 391 857 vi,
433 787 594 847 nullo
635 788 866 861 iudicio,
908 788 1065 847 nulla
1112 790 1482 862 contumelia,
1525 792 1863 850 auctoritate
1906 801 1965 851 et
2011 790 2219 850 cohor·

319 884 537 949 tatione
557 884 810 961 perfeci,
849 894 916 945 ut
955 895 1013 945 et
1054 884 1265 945 Graeci
1303 896 1365 946 et
1418 888 1571 947 cives
1628 888 1900 959 Romani,
1944 889 2046 965 qui
2100 888 2218 947 fru-

320 992 583 1050 mentum
625 994 1108 1060 compresserant,
1148 1002 1432 1060 magnum
1472 1004 1779 1053 numerum
1821 986 2051 1064 populis
2090 986 2218 1063 pol-

319 1079 642 1142 licerentur.
753 1100 808 1156 9.
850 1066 1054 1141 Idibus
1110 1082 1457 1153 Februariis,
1512 1101 1634 1160 quo
1689 1084 1783 1143 die
1839 1084 1944 1144 has
2008 1084 2219 1143 litteras
2272 1110 2279 1118 ·

321 1178 475 1248 dedi,
531 1178 725 1240 forum
785 1179 1142 1238 institueram
1202 1197 1378 1255 agere
1439 1178 1769 1240 Laodiceae
1826 1181 2218 1257 Cibyraticum

321 1286 379 1335 et
434 1275 790 1352 Apamense,
845 1296 919 1337 ex
975 1277 1181 1336 Idibus
1243 1276 1474 1336 Martiis
1540 1278 1757 1337 ibidem
1820 1278 2218 1356 Synnadense,

320 1371 729 1450 Pamphylium
743 1385 966 1434 —tum
1022 1374 1268 1434 Phemio
1326 1375 1631 1451 dispiciam
1683 1377 1937 1449 κέρας-,
1993 1376 2220 1454 Lycao-

322 1471 505 1543 nium,
553 1471 907 1546 Isauricum3
971 1492 1046 1533 ex
1101 1473 1303 1533 Idibus
1359 1471 1533 1531 Maiis
1588 1474 1650 1531 in
1700 1472 1978 1546 Ciliciam,
2023 1485 2088 1534 ut
2140 1475 2220 1533 ibi

321 1566 523 1628 Iunius
569 1583 962 1643 consumatur,
1010 1571 1179 1630 velim
1234 1569 1541 1646 tranquille
1587 1588 1625 1629 a
1670 1570 1911 1631 Parthis.
1997 1571 2219 1644 Quinc-

319 1666 449 1737 tilis,
481 1668 530 1727 si
572 1669 694 1740 erit,
720 1679 785 1727 ut
811 1670 1094 1741 volumuS,
1123 1669 1186 1727 in
1223 1669 1427 1727 itinere
1470 1676 1560 1727 est
1595 1686 1701 1745 per
1738 1671 2094 1745 provinciam
2132 1690 2220 1730 re-

321 1765 632 1826 deuntibus
685 1768 1155 1829 consumendus:
1218 1768 1482 1825 venimus
1530 1768 1689 1825 enim
1745 1769 1808 1826 in
1862 1770 2219 1843 provinciam

322 1858 730 1945 [Laodiceam]
807 1865 1061 1942 Sulpicio
1130 1874 1190 1925 et
1259 1864 1544 1923 Marcello
1614 1865 1967 1937 consulibus,
2032 1867 2219 1943 pridie

319 1962 620 2023 Kalendas
667 1960 945 2038 Sextiles3
1005 1963 1141 2022 inde
1187 1982 1299 2023 nos
1342 1973 1572 2040 oportet
1616 1963 1898 2023 decedere
1917 1955 1922 1959 ⁴
1938 1982 1990 2023 a.
2035 1965 2091 2024 d.
2132 1984 2216 2026 111.
2263 2022 2267 2027 .

322 2059 627 2120 Kalendas
671 2060 930 2122 Sextiles.
1028 2061 1286 2120 Primum
1336 2060 1693 2120 contendam
1739 2079 1778 2119 a
1831 2059 2054 2132 Quinto
2110 2061 2219 2120 fra-

319 2149 422 2230 tre,
447 2166 514 2218 ut
548 2177 612 2218 se
648 2159 884 2236 praefici
922 2160 1187 2236 patiatur,
1217 2158 1379 2235 quod
1412 2167 1471 2217 et
1509 2157 1608 2216 illo
1648 2166 1706 2216 et
1742 2176 1839 2217 me
1877 2159 2217 2220 invitissimo

320 2257 450 2330 fiet;
509 2257 616 2316 sed
656 2257 815 2315 aliter
852 2256 1097 2316 honeste
1137 2256 1261 2315 fieri
1297 2274 1424 2315 non
1463 2265 1671 2332 potest,
1708 2259 2044 2332 praesertim
2083 2277 2218 2318 cum

319 2355 505 2414 virum
558 2356 865 2431 optimum,
914 2354 1308 2431 Pomptinum,
1352 2372 1428 2412 ne
1483 2371 1641 2412 nunc
1682 2354 1920 2430 quidem
1972 2357 2218 2416 retinere

320 2453 577 2528 possim:
625 2454 774 2531 rapit
816 2453 1116 2513 hominem
1156 2447 1365 2534 [enim]
1405 2451 1740 2513 Postumius
1784 2452 2057 2526 Romam,
2100 2454 2216 2514 for·

321 2560 474 2610 tasse
528 2552 704 2610 etiam
759 2551 1075 2611 Postumia.
1167 2550 1375 2609 Habes
1431 2551 1678 2610 consilia
1731 2562 1944 2610 nostra.
2039 2551 2217 2612 Nunc

323 2666 615 2725 cognosce
665 2649 738 2708 de
793 2648 994 2709 Bruto.
1084 2667 1174 2707 10.
1215 2647 1548 2706 Familiares
1598 2649 1774 2707 habet
1823 2649 2035 2709 Brutus
2085 2660 2222 2709 tuus*

323 2747 611 2822 quosdam
640 2746 951 2806 creditores
981 2746 1425 2805 Salaminiorum
1452 2763 1526 2804 ex
1557 2745 1771 2823 Cypr0,
1800 2744 1887 2805 M.
1918 2746 2216 2823 Scaptium

323 2853 379 2903 et
414 2843 480 2904 P.
509 2843 840 2916 Matinium,
870 2862 1020 2921 quos
1057 2843 1198 2902 mihi
1235 2844 1519 2902 maiorem
1550 2844 1610 2901 in
1636 2842 1881 2901 modum
1911 2861 2216 2903 commen·

322 2932 492 3001 davit.
575 2941 885 3000 Matinium
927 2959 1052 2999 non
1098 2941 1271 3013 novi;
1331 2939 1596 3016 Scaptius
1644 2940 1719 2998 ad
1768 2958 1866 3000 me
1914 2942 1976 2999 in
2030 2950 2222 3001 castra·

322 3040 506 3098 venit:
564 3039 851 3116 pollicitus
900 3057 1032 3099 sum
1082 3048 1411 3098 curaturum
1459 3055 1555 3095 me
1604 3035 1765 3096 Bruti
1814 3057 2005 3109 causa,
2049 3050 2114 3098 ut
2159 3040 2216 3098 ei

325 3136 619 3196 Salaminii
667 3139 976 3213 pecuniam
1019 3136 1336 3208 solverent3
1401 3136 1521 3210 egit
1564 3137 1793 3210 gratias.
1884 3136 2215 3196 Praefectu-

321 3254 447 3294 ram
491 3236 719 3311 petivit:
783 3236 990 3311 negavi
1037 3253 1136 3292 me
1179 3235 1451 3310 cuiquam
1492 3233 1813 3309 negotianti
1856 3234 2009 3305 dare,
2053 3235 2224 3311 quod'

321 3333 475 3391 idem
519 3334 622 3390 tibi
668 3333 1057 3392 ostenderam.
1142 3330 1250 3390 Cn.
1297 3330 1581 3406 Pompeio
1631 3334 1848 3408 petenti
1904 3331 2212 3408 probaram

322 3431 638 3490 institutum
676 3448 891 3504 meum,
920 3431 1060 3509 quid
1097 3430 1327 3491 dicam?
1412 3428 1715 3506 Torquato
1758 3430 1831 3489 de
1872 3428 1958 3489 M.
1988 3429 2210 3489 Laenio
