2642 3925
441 257 466 303 1
484 241 561 306 18
819 265 824 272 ·
978 252 1056 303 Μ.
1108 254 1349 302 TULLII
1390 253 1592 304 crem
1600 251 1765 304 oms
2097 239 2235 328 [pm
2263 254 2337 306 11.

439 401 548 462 fuit
616 402 1024 462 scribendum:
1067 404 1181 463 scis
1243 404 1505 480 Appium
1568 421 1877 464 censorem
1941 402 2037 464 hic
2101 415 2335 465 ostenta

438 500 674 560 facere?
713 500 788 560 de
817 502 1000 578 signis
1027 511 1086 561 et
1117 503 1346 573 tabulis,
1377 503 1451 562 de
1480 503 1604 580 agri
1644 503 1847 575 mode,
1878 502 1952 562 de
1981 521 2113 562 aere
2140 503 2335 562 alieno

435 597 716 657 acerrime
759 600 969 674 agere?
1025 615 1371 676 persuasum
1422 610 1511 660 est
1550 599 1605 658 ei
1650 615 1958 659 censuram
2004 600 2333 660 lomentum

439 706 538 756 aut
581 698 795 756 nitrum
840 714 1008 757 esset
1049 715 1238 757 errare
1277 697 1421 756 mihi
1464 697 1719 771 videtur:
1776 713 1917 757 nam
1956 699 2085 756 dnm
2126 699 2333 775 sor'des

439 794 632 854 eluere
676 795 813 866 volt,
854 811 1034 854 venas
1081 796 1192 854 sibi
1233 811 1445 856 omnes
1486 804 1545 856 et
1585 795 1806 854 viscera
1844 797 2045 873 aperit.
2129 796 2330 863 Curre,

438 911 541 968 per
582 893 726 952 deos
768 903 944 969 atque
983 892 1292 952 homines!
1342 902 1400 951 et
1445 909 1621 970 quam
1666 892 1920 968 primum
1962 893 2107 952 haec
2150 894 2332 952 risum
2388 964 2401 972 ⁶

435 991 585 1062 veni,
630 991 776 1067 legis
827 989 1156 1050 Scantiniae
1197 991 1473 1050 iudicium
1514 990 1673 1067 apud
1713 990 1972 1049 Drusum
2021 991 2160 1062 fieri,
2202 993 2331 1068 Ap-

434 1087 600 1163 pium
647 1088 722 1146 de
761 1087 974 1147 tabulis
1027 1097 1088 1147 et
1141 1087 1324 1166 signis
1368 1103 1575 1165 agere3
1630 1087 1806 1147 crede
1854 1087 2011 1158 mihi,
2059 1098 2150 1148 est
2192 1100 2352 1165 pro··

433 1181 778 1260 perandum.
883 1183 1066 1245 Curio
1109 1196 1307 1245 noster
1350 1187 1643 1263 sapienter
1678 1184 1756 1257 id,
1794 1185 1957 1263 quod
2000 1187 2217 1246 remisit
2252 1187 2330 1246 de

437 1281 728 1358 stipendio
775 1283 1071 1360 Pompeii,
1127 1283 1335 1343 fecisse
1390 1281 1763 1342 existimatur.
1865 1283 1964 1342 Ad
2016 1301 2325 1353 summam,

434 1382 681 1456 quaeris,
744 1383 884 1460 quid
949 1393 1151 1460 putem
1200 1382 1491 1442 futurum:
1553 1382 1601 1442 si
1662 1380 1931 1441 alteruter
1990 1399 2194 1442 eorum
2251 1382 2330 1441 ad

437 1477 769 1557 Parthicum
810 1481 1026 1541 bellum
1052 1498 1176 1541 non
1203 1490 1314 1551 eat,
1343 1477 1514 1538 video
1551 1494 1797 1566 magnas
1834 1479 2173 1555 impendere
2210 1479 2329 1539 dis·

434 1576 680 1649 cordias,
703 1595 850 1654 quas
871 1577 1087 1637 ferrum
1107 1589 1166 1638 et
1186 1579 1272 1638 vis
1291 1577 1661 1637 dziudicabit:
1702 1586 1943 1654 uterque
1969 1588 2028 1636 et
2046 1578 2247 1636 animo
2270 1587 2331 1636 et

435 1674 621 1750 copiis
647 1686 739 1734 est
763 1687 1018 1754 paratus.
1103 1673 1163 1736 Si
1191 1676 1317 1734 sine
1342 1686 1445 1734 tuo
1474 1671 1731 1753 periculo
1758 1673 1879 1733 fieri
1917 1685 2132 1752 posset,
2160 1691 2327 1752 mag·

437 1788 581 1830 num
608 1783 664 1832 et
691 1773 1012 1834 iucundum
1039 1774 1142 1834 tibi
1167 1772 1427 1833 Fortuna
1452 1772 1850 1850 spectaculum
1878 1773 2137 1850 parabat.

897 1933 994 1991 42.
1077 1928 1194 1990 AD
1236 1926 1629 1990 ATTICUM
1670 1926 1778 1987 VI.
1811 1927 1868 1989 6.

607 2042 744 2106 Sca.
787 2044 970 2106 Sum:
1008 2063 1266 2106 mum
1305 2062 1495 2105 msa·
1535 2043 1777 2103 διῖκται
1815 2061 1984 2104 Α.υ.ο.
2028 2056 2163 2119 704.

1072 2169 1280 2214 cronno
1320 2168 1535 2212 amco
1572 2149 1699 2210 sarj-

525 2280 572 2322 1.
616 2262 764 2335 Eoo,
790 2264 932 2323 dum
958 2265 1021 2323 in
1047 2265 1345 2341 provincia
1368 2264 1643 2324 omnibus
1669 2263 1845 2322 rebus
1870 2260 2132 2339 Appium
2156 2280 2328 2337 orno,

436 2358 628 2420 subito
671 2378 803 2420 sum
843 2361 1030 2421 factus
1070 2362 1425 2421 accusatoris
1472 2362 1596 2420 eius
1637 2375 1821 2420 socer.
1904 2364 1921 2393 ⁸
1938 2359 2012 2418 Id
2051 2360 2288 2438 quidem
2309 2362 2325 2386 '

434 2458 627 2535 inquis
657 2463 676 2492 ⁶
695 2460 756 2519 di
797 2460 1122 2537 adprobent
1141 2459 1183 2520 l’
1232 2458 1325 2519 Ita
1364 2459 1553 2529 velim,
1580 2468 1755 2533 teque
1794 2457 1876 2517 ita
1914 2474 2128 2533 cupere
2169 2469 2329 2519 certo

437 2558 596 2631 sci03
653 2558 759 2618 sed
798 2558 972 2619 crede
1009 2557 1170 2630 mihi,
1213 2557 1354 2617 nihil
1394 2558 1589 2615 minus
1629 2567 1896 2632 putaram
1926 2573 2069 2632 eg0,
2110 2556 2214 2633 qui
2254 2556 2328 2616 de

438 2654 533 2713 Ti.
562 2653 822 2727 Nerone,
863 2656 965 2733 qui
1005 2672 1240 2715 mecum
1279 2666 1498 2732 egerat,
1539 2664 1731 2713 certos
1770 2652 2041 2712 homines
2081 2652 2157 2711 ad
2198 2671 2328 2711 mu·

432 2752 616 2812 lieres·
638 2755 935 2823 miseram,
975 2752 1076 2828 qui
1114 2750 1376 2810 Romam
1415 2762 1698 2814 venerunt
1737 2749 1903 2811 factis
1940 2751 2325 2827 sponsalibus.

435 2850 554 2911 Sed
595 2850 711 2911 hoc
752 2867 928 2927 spero
969 2850 1210 2922 melius;
1251 2849 1527 2909 mulieres
1569 2848 1807 2925 quidem
1846 2848 2011 2907 valde
2054 2848 2325 2925 intellego

435 2949 707 3009 delectari
750 2948 1040 3026 obsequio
1089 2958 1147 3009 et
1189 2948 1461 3008 comitate
1504 2944 1932 3005 adulescentis:
1972 2955 2167 3005 cetera
2206 2947 2327 3007 noli

433 3047 785 3118 ἐξακανθίζειν.
870 3064 925 3108 2.
969 3045 1086 3106 Sed
1139 3045 1284 3104 heus
1341 3055 1423 3115 tu,
1464 3046 1658 3119 πυροὺς
1710 3045 1783 3102 εἷς
1828 3046 1989 3117 δῆμον
2041 3043 2327 3104 Athenis?

431 3145 626 3222 placet
663 3144 781 3203 hoc
821 3143 964 3202 tibi?
1035 3144 1142 3203 etsi
1183 3158 1308 3201 non
1349 3140 1743 3219 impediebant
1785 3142 1901 3201 mei
1956 3150 2111 3200 certe
2166 3142 2323 3214 libri3

431 3259 556 3300 non
583 3242 743 3301 enim
780 3241 889 3299 ista
925 3240 1152 3316 largitio
1193 3239 1298 3299 fuit
1339 3239 1401 3297 in
1443 3239 1613 3311 cives,
1645 3239 1748 3298 sed
1788 3238 1848 3298 in
1875 3239 2135 3316 hospites
2162 3240 2326 3299 liber·

435 3336 615 3397 alitae.
701 3336 804 3395 Me
839 3345 1036 3395 tamen
1071 3336 1147 3395 de
1188 3337 1544 3397 Academiae
1570 3336 1823 3414 προπῦλῳ
1850 3337 2016 3395 iubes
2053 3336 2323 3412 cogitare,

433 3448 570 3489 cum
598 3434 715 3491 iam
745 3434 972 3509 Appius
1001 3434 1075 3493 de
1113 3434 1389 3494 Eleusine
1426 3450 1551 3497 non
1588 3434 1845 3511 cogitet?
1885 3432 1991 3504 De⁸
2007 3433 2325 3493 Hortensio
