2642 3925
327 241 544 325 Ep.15.]
701 255 926 309 EPIST.
969 254 1070 304 AD
1115 253 1356 321 var.
1399 254 1610 305 mart
1653 258 1703 306 ι.
1738 261 1797 312 2.
2112 264 2191 325 41

332 423 533 473 contra
565 411 826 473 Flavium
866 413 955 486 sit,
992 412 1255 491 amplius,
1335 407 1413 473 Et
1450 413 1629 474 Flavii
1670 432 1844 474 causa
1882 411 1952 474 et'
1982 411 2199 474 scilicet

322 504 585 586 Pom'peii
611 509 789 571 facies
817 512 1029 570 omnia.
1111 511 1272 571 Nolo
1298 512 1528 572 medius
1555 512 1726 571 fidius
1754 530 1828 570 ex
1856 521 1956 570 tua
1992 512 2198 571 iniuria

319 606 380 665 in
419 607 585 666 illum.
618 607 722 666 tibi
760 607 1056 667 liberalem
1094 626 1194 667 me
1234 609 1428 679 videri,
1472 610 1577 668 sed
1617 619 1675 668 te
1716 627 1843 680 or0,
1871 619 1935 668 ut
1969 619 2032 668 tu
2067 610 2197 685 ipse

317 704 717 763 auctoritatem
755 715 813 764 et
853 716 1299 765 monumentum
1340 707 1577 784 aliquod
1618 707 1832 766 decreti
1872 716 1971 765 aut
2018 706 2197 764 litter-

315 819 478 860 arum
520 811 749 860 tuarum
795 803 1101 880 relinquaS,
1147 804 1310 879 quod
1366 805 1439 886 sit
1491 805 1569 863 ad
1616 803 1796 862 Flavii
1843 821 1967 861 rem
2014 812 2073 861 et
2115 801 2192 860 ad

315 917 554 960 causam
593 901 1076 960 accomodatum:
1119 902 1228 961 fert
1267 902 1426 961 enim
1466 902 1712 979 graviter
1752 901 1934 960 homo
1975 910 2033 960 et
2072 902 2192 959 mei

315 995 852 1058 observantissimus
879 1009 938 1058 et
964 999 1054 1057 sui
1078 997 1217 1058 iuris
1244 999 1651 1078 dignitatisque
1674 1000 1929 1058 retinens
1953 1016 2015 1058 se
2038 998 2197 1075 apud

313 1102 372 1151 te
409 1111 601 1170 neque
637 1095 888 1153 amicitia
924 1113 1034 1155 nec
1070 1095 1192 1154 iure
1224 1096 1505 1168 valuisse;
1547 1105 1623 1166 et,
1652 1106 1716 1155 ut
1752 1097 1981 1172 opinor,
2015 1095 2194 1154 Flavii

314 1191 626 1266 aliquando
653 1210 777 1251 rem
804 1202 862 1251 et
889 1191 1205 1269 Pompeius
1233 1204 1292 1252 et
1319 1193 1536 1253 Caesar
1561 1193 1665 1253 tibi
1685 1193 2191 1264 commendarunt,

315 1299 372 1347 et
398 1289 524 1365 ipse
555 1289 631 1348 ad
669 1298 726 1348 te
758 1290 1064 1366 scripserat
1101 1291 1330 1350 Flavius
1363 1301 1424 1350 et
1458 1308 1571 1367 ego
1612 1283 1782 1350 certe.
1868 1289 2005 1362 Qua
2041 1308 2103 1349 re
2141 1291 2191 1348 si

316 1384 431 1444 ulla
456 1404 549 1445 res
576 1396 681 1458 est,
709 1405 885 1463 quam
921 1387 1023 1446 tibi
1059 1406 1156 1446 me
1193 1398 1428 1465 petente
1464 1388 1792 1447 faciendam
1828 1398 2014 1463 putes,
2043 1388 2193 1446 haec

314 1501 387 1541 ea
421 1483 506 1542 sit.
595 1484 656 1542 Si
695 1502 790 1543 me
832 1502 1012 1556 amas,
1043 1501 1196 1557 cura,
1225 1486 1474 1557 elabora,
1502 1486 1733 1563 perfice,
1767 1495 1831 1544 ut
1866 1484 2097 1544 Flavius
2133 1494 2193 1543 et

314 1580 414 1639 tibi
441 1581 669 1640 etmihi
694 1599 872 1658 quam
898 1583 1184 1642 maximas
1211 1584 1425 1659 gratias
1452 1593 1621 1659 agat:
1662 1582 1778 1642 hoc
1812 1592 1869 1641 te
1908 1581 1989 1642 ita
2024 1599 2190 1658 rogo,

312 1687 376 1736 ut
401 1680 619 1738 maiore
647 1680 840 1740 studio
867 1698 1077 1756 rogare
1104 1698 1227 1740 non
1255 1682 1495 1756 possim.

392 1775 494 1834 IV.
548 1796 636 1836 12.
682 1776 864 1849 Quod
898 1778 976 1836 ad
1010 1795 1106 1837 me
1144 1778 1217 1836 de
1255 1777 1502 1837 Hermia
1537 1778 1756 1850 scribiS,
1784 1777 1926 1836 mihi
1963 1776 2188 1835 meher-

318 1875 445 1934 cule
471 1875 633 1934 valde
660 1876 970 1935 molestum
1005 1875 1126 1934 fuit.
1211 1875 1460 1935 Litteras
1493 1877 1572 1935 ad
1606 1886 1664 1935 te
1701 1894 1906 1951 parum
1941 1875 2188 1934 fraterne

318 1974 695 2049 scripseram3
737 1990 884 2048 quas
925 1975 1186 2033 oratione
1226 1973 1488 2045 Diodoti,
1525 1973 1751 2032 Luculli
1787 1973 1991 2043 liberti,
2030 1991 2191 2032 com-

311 2080 522 2140 motus,
578 2069 653 2128 de
705 2071 978 2146 pactione
1032 2071 1224 2129 statim
1277 2071 1440 2146 quod
1494 2070 1808 2142 audieram,
1856 2071 2190 2130 iracundius

311 2168 656 2244 scripseram
691 2177 750 2226 et
785 2184 1054 2225 revocare
1090 2168 1436 2243 cupiebam:
1474 2167 1609 2227 huic
1646 2179 1711 2227 tu
1747 2168 2023 2244 epistolae
2063 2186 2189 2227 non

308 2264 555 2323 fraterne
582 2264 829 2340 scriptae
855 2262 1102 2323 fraterne
1140 2262 1317 2323 debe‘s
1357 2265 1679 2341 ignoscere.
1770 2284 1861 2339 13.
1905 2264 1998 2324 De
2027 2265 2182 2326 Cen-

310 2364 524 2435 sorino,
579 2362 857 2433 Antonio,
898 2357 1130 2433 CassiiS,
1172 2362 1466 2433 Scaevola,
1521 2372 1579 2422 te
1634 2364 1709 2421 ab
1764 2363 1835 2422 iis
1890 2363 2066 2440 diligi,
2121 2375 2187 2423 ut

309 2461 526 2526 scribis,
572 2458 944 2553 Yehementer
989 2458 1238 2534 gaudeo.
1321 2457 1531 2518 Cetera
1577 2459 1809 2519 fuerunt
1862 2459 1925 2519 in
1979 2460 2186 2520 eadem
2292 2511 2295 2515 .

308 2557 552 2634 epistola
573 2556 853 2632 graviora,
872 2574 1049 2631 quam
1069 2556 1308 2616 vellem:
1336 2558 1495 2631 ὀρθὰν
1512 2561 1607 2613 τὰν
1624 2563 1743 2613 ναῦν
1763 2566 1822 2616 et
1842 2559 1980 2627 ἅπαξ
2001 2559 2186 2618 θανεῖν.

308 2655 538 2714 Maiora
578 2656 688 2713 ista
735 2664 933 2713 erunt:
982 2671 1148 2713 meae
1194 2655 1628 2731 obiurgationes
1684 2654 1916 2713 fuerunt
1969 2657 2188 2714 amoris

310 2753 711 2828 plenissimae3
753 2769 903 2827 quae
933 2761 1066 2809 sunt
1091 2769 1214 2813 non
1242 2752 1415 2824 nulla,
1440 2752 1544 2810 sed
1561 2762 1758 2810 tamen
1786 2752 2101 2810 mediocria
2128 2764 2188 2812 et

308 2866 484 2926 parva
501 2849 711 2924 potius.
766 2847 900 2923 Ego
926 2858 984 2906 te
1011 2866 1334 2925 numquam
1361 2849 1477 2907 ulla
1502 2850 1564 2907 in
1590 2867 1653 2907 re
1676 2848 1919 2924 dignum
1942 2849 2186 2909 minima

306 2945 756 3022 reprehensione
792 2955 1105 3021 putassem,
1135 2963 1270 3005 cum
1308 2955 1367 3004 te
1403 2945 1762 3004 sanctissime
1795 2963 2043 3020 gereres,
2072 2948 2186 3006 nisi

308 3043 577 3102 inimicos
627 3042 842 3101 multos
895 3042 1259 3102 haberemus.
1344 3041 1512 3114 Quae
1568 3043 1644 3100 ad
1698 3052 1757 3101 te
1812 3043 2005 3119 aliqua
2064 3063 2184 3103 cum

306 3140 630 3200 monitione
678 3150 776 3198 aut
823 3140 1223 3216 obiurgatione
1266 3140 1485 3217 scripsi,
1528 3140 1733 3217 scripsi
1774 3151 2013 3217 propter
2055 3141 2180 3199 dili-

306 3240 561 3316 gentiam
597 3238 880 3297 cautionis
917 3255 1098 3308 meae,
1129 3237 1191 3294 in
1219 3255 1337 3314 qua
1372 3247 1432 3296 et
1466 3254 1676 3296 maneo
1712 3247 1771 3295 et
1812 3237 2067 3296 manebo
2107 3248 2184 3309 et,

306 3337 460 3395 idem
487 3345 550 3394 ut
575 3334 770 3406 facias,
792 3352 915 3392 non
944 3334 1220 3393 desistam
1247 3351 1470 3410 rogare.
1561 3352 1651 3406 14.
1683 3334 1911 3393 Attalus
1942 3334 2181 3410 Hypae-

309 3453 496 3511 penus
525 3451 758 3494 mecum
791 3433 926 3508 egit,
954 3441 1019 3493 ut
1054 3449 1118 3493 se
1157 3450 1233 3491 ne
1269 3432 1596 3510 impedires,
1627 3449 1746 3510 quo
1782 3434 1991 3506 minuS,
2022 3436 2184 3512 quod
