2642 3925
417 227 540 299 124
944 229 1023 280 Μ.
1074 229 1313 278 TULLII
1354 213 1560 280 cmm
1568 231 1735 278 oms
2066 215 2199 301 [Pars
2229 232 2305 280 11.

406 384 780 464 provinciam,
823 391 937 453 aut,
979 383 1028 443 si
1069 403 1173 460 per
1214 385 1476 444 tribunos
1516 385 1594 461 pl.
1630 403 1753 444 non
1793 384 2055 461 patiatur,
2092 396 2298 444 tamen

408 487 682 564 quiescat,
732 500 855 541 rem
909 481 1119 540 adduci
1175 483 1251 540 ad
1304 482 1716 558 interregnum,
1766 493 1879 554 aut,
1930 483 1979 540 si
2028 484 2108 542 ob
2162 503 2300 541 eam

409 599 662 652 causam,
686 579 846 658 quod
871 579 1016 637 ratio
1045 580 1170 638 eius
1206 595 1330 637 non
1356 579 1652 650 habeatur,
1680 580 1997 640 exercitum
2025 581 2297 652 adducat,

407 681 585 741 armis
632 695 768 737 cum
821 693 898 734 eo
950 675 1323 743 contendere,
1369 677 1530 735 illum
1585 687 1781 736 autem
1829 660 2057 736 initium
2104 677 2299 737 facere

331 838 346 870 ἲ
409 794 704 838 armorum
747 784 847 832 aut
893 773 1088 832 statim
1128 773 1303 832 nobis
1344 775 1539 832 minus
1581 775 1793 851 paratis
1835 784 1934 835 aut
1972 786 2113 848 tum,
2157 795 2299 834 cum

409 875 675 943 comitiis,
705 871 906 930 amicis
939 871 1064 929 eius
1090 871 1535 947 postulantibuS,
1562 883 1627 930 ut
1664 891 1697 932 e
1734 872 1864 950 lege
1903 875 2050 933 ratio
2077 872 2299 932 habea-

409 987 519 1045 tur,
557 973 930 1048 impetratum
982 969 1242 1040 nonsit,
1285 969 1369 1026 ire
1413 980 1607 1027 autem
1656 970 1733 1030 ad
1780 988 1943 1030 arma
1995 981 2095 1030 aut
2141 972 2298 1032 hanc

409 1093 590 1134 unam
633 1072 715 1130 ob
762 1086 1014 1137 causam,
1059 1068 1220 1145 quod
1261 1067 1408 1126 ratio
1457 1086 1582 1127 non
1624 1068 1919 1142 habeatur,
1961 1081 2063 1130 aut
2101 1072 2301 1131 addita

411 1187 602 1238 causa,
633 1168 682 1227 si
708 1166 854 1226 forte
895 1165 1155 1224 tribunus
1193 1165 1270 1241 pl.
1301 1175 1568 1224 senatum
1610 1167 1934 1244 impediens
1974 1180 2073 1229 aut
2110 1187 2300 1246 popu·

411 1269 532 1326 lum
559 1265 805 1324 incitans
843 1272 1075 1321 notatus
1115 1274 1214 1320 aut
1251 1273 1485 1320 senatus
1526 1266 1792 1325 consulto
1828 1266 2301 1344 circumscriptus

414 1375 513 1423 aut
554 1362 814 1422 sublatus
855 1371 953 1419 aut
994 1360 1268 1436 expulsus
1317 1361 1390 1418 sit
1434 1360 1705 1420 dicensve
1755 1380 1819 1421 se
1867 1365 2177 1440 expulsum
2223 1368 2302 1426 ad

414 1462 574 1520 illum
622 1457 967 1534 confugerit,
1011 1468 1285 1534 suscepto
1335 1467 1531 1516 autem
1578 1458 1731 1516 bello
1780 1471 1879 1519 aut
1926 1463 2181 1522 tenenda
2228 1466 2306 1525 sit

414 1559 553 1618 urbs
581 1567 682 1616 aut
715 1574 788 1615 ea
821 1554 1017 1614 relicta
1053 1555 1146 1613 ille
1178 1566 1513 1614 commeatu
1551 1565 1609 1614 et
1644 1557 1877 1633 reliquis
1915 1561 2101 1635 copiis
2128 1562 2305 1620 inter-

416 1652 994 1730 cludenduS,—quod
1024 1652 1232 1710 horum
1258 1653 1567 1724 malorum,
1596 1671 1849 1730 quorum
1878 1655 2114 1732 aliquod
2151 1672 2307 1720 certe

418 1753 785 1814 subeundum
828 1762 932 1822 est,
969 1751 1274 1808 minimum
1316 1759 1517 1826 putes:
1564 1770 1615 1825 3.
1665 1751 1825 1811 dices
1865 1754 2130 1830 profecto
2174 1775 2307 1836 per-

418 1851 648 1912 suaderi
691 1849 784 1918 illi,
827 1860 891 1906 ut
931 1846 1120 1905 tradat
1162 1847 1480 1905 exercitum
1525 1856 1582 1906 et
1623 1848 1702 1906 ita
1750 1851 1956 1909 consul
2000 1851 2115 1910 fiat.
2201 1854 2309 1914 Est

418 1951 661 2011 omnino
689 1948 749 2007 id
778 1946 902 2005 eius
941 1945 1122 2016 modi,
1149 1955 1230 2016 ut,
1261 1944 1311 2005 si
1350 1944 1440 2005 ille
1479 1964 1553 2005 eo
1593 1946 1925 2016 descendat,
1953 1960 2157 2010 contra
2194 1953 2309 2014 dici

418 2049 560 2109 nihil
587 2047 787 2125 possit,
819 2037 993 2121 idque
1031 2061 1186 2114 eum,
1216 2044 1265 2102 si
1303 2061 1427 2102 non
1454 2044 1731 2115 obtineat,
1761 2056 1825 2104 ut
1856 2048 2005 2107 ratio
2032 2048 2312 2111 habeatur

419 2143 716 2205 retinentis
755 2143 1089 2211 exercitum,
1132 2159 1258 2200 non
1301 2140 1492 2200 facere
1532 2142 1742 2214 mirer3
1786 2144 1957 2203 nobis
1997 2156 2208 2218 autem,
2246 2161 2310 2209 ut

421 2244 660 2320 quidam
687 2250 909 2316 putant,
939 2237 1082 2295 nihil
1110 2248 1200 2297 est
1233 2238 1561 2297 timendum
1590 2240 1779 2316 magis
1820 2259 2000 2318 quam
2032 2243 2127 2303 ille
2168 2262 2310 2305 con-

424 2341 529 2399 sul.
612 2338 717 2395 ‘At
745 2336 826 2394 sic
854 2334 1042 2393 malo'
1086 2337 1313 2411 inquies
1355 2341 1567 2413 ‘quam
1595 2355 1730 2395 cum
1758 2339 2053 2398 exercitu.'
2120 2341 2309 2404 Certe.

426 2436 543 2495 Sed
591 2434 743 2494 istud
793 2434 1003 2509 ipsum,
1053 2433 1204 2499 dico,
1253 2450 1538 2509 magnum
1592 2435 1812 2492 malum
1869 2448 2033 2513 putat
2086 2441 2307 2518 aliquiS,

425 2552 615 2612 neque
667 2533 723 2591 ei
778 2530 1100 2589 remedium
1155 2540 1243 2589 est
1289 2530 1489 2590 ullum.
1574 2541 1590 2565 ‘
1612 2530 1956 2592 Cedendum
2007 2546 2112 2608 est,
2156 2540 2205 2596 si
2251 2540 2311 2600 id

425 2630 612 2693 volet!
693 2629 846 2688 Vide
885 2627 1188 2687 consulem
1225 2628 1387 2686 illum
1420 2629 1642 2700 iterum,
1672 2648 1849 2707 quem
1877 2633 2062 2691 vidisti
2101 2653 2310 2695 consu-

425 2734 546 2791 latu
600 2730 809 2807 priore.
893 2727 1007 2785 ‘At
1061 2735 1186 2784 tum
1241 2726 1565 2787 imbecillus
1621 2728 1751 2805 plus
1770 2728 1783 2753 ’
1854 2730 2039 2806 inquit
2107 2734 2315 2793 ‘valuit

428 2847 608 2908 quam
632 2837 756 2887 tota
782 2843 874 2884 res
903 2822 1174 2901 publica!
1257 2822 1419 2896 Quid
1448 2843 1604 2884 nunc
1631 2826 1847 2902 putas?
1889 2837 1947 2885 et
1973 2846 2046 2887 eo
2074 2832 2314 2892 consule

429 2926 716 3002 Pompeio
742 2934 965 2984 certum
991 2934 1080 2981 est
1107 2940 1238 2981 esse
1278 2922 1341 2980 in
1370 2921 1675 2999 Hispania.
1760 2922 1818 2983 Ο
1855 2942 1981 2983 rem
2014 2921 2318 2990 miserami'

432 3026 481 3083 si
525 3022 762 3100 quidem
802 3020 865 3079 id
905 3022 1098 3097 ipsum
1141 3020 1513 3079 deterrimum
1555 3031 1657 3091 est,
1702 3022 1863 3097 quod
1904 3026 2157 3083 recusari
2196 3045 2317 3087 non

432 3129 644 3198 potest,
676 3127 735 3177 et
782 3118 947 3193 quod
994 3118 1088 3176 ille
1135 3119 1184 3177 si
1233 3117 1421 3188 faciat,
1469 3118 1703 3177 iamiam
1747 3138 1787 3176 a
1828 3118 1999 3178 bonis
2047 3124 2317 3183 omnibus

435 3234 724 3276 summam
780 3216 938 3273 ineat
984 3216 1246 3291 gratiam.
1336 3234 1388 3287 4.
1434 3214 1738 3275 Tollamus
1792 3216 1961 3293 igitur
2015 3217 2146 3292 hoc,
2202 3238 2317 3298 quo

436 3314 597 3372 illum
632 3330 809 3389 posse
843 3312 1052 3371 adduci
1092 3323 1350 3389 negant:
1396 3313 1468 3372 de
1503 3313 1735 3390 reliquis
1778 3314 1919 3390 quid
1961 3326 2051 3375 est
2093 3318 2319 3377 deterri-

438 3410 642 3469 mum?
681 3410 1005 3471 concedere
1030 3410 1127 3484 illi,
1156 3411 1334 3489 quod,
1363 3421 1427 3471 ut
1456 3412 1612 3470 idem
1642 3413 1797 3485 dicit,
1826 3413 2319 3491 impudentissime
