2642 3925
331 247 420 310 Ep.
447 230 562 315 36]
727 237 730 240 ·
770 243 997 295 EPIST.
1041 242 1143 292 AD
1183 205 1518 293 Arrzctm
1558 241 1621 293 ν.
1669 247 1765 294 21.
2080 249 2211 312 ·.103

327 393 679 452 nuntiantes.
759 389 947 451 Axius
990 401 1189 452 noster
1229 392 1309 452 ait
1351 404 1581 454 nostras
1620 381 1972 454 auctoritatis
2012 393 2215 472 plenas

328 491 522 563 fuisse,
566 491 675 549 illis
724 499 902 566 negat
947 491 1246 550 creditum.
1330 491 1520 552 Bibuli
1568 491 1832 551 nondum
1876 497 2039 551 erant
2082 493 2217 551 alla·-

327 599 440 658 tae,
471 605 617 665 quas
651 597 809 646 certo
847 587 971 646 scio
1007 588 1211 665 plenas
1249 590 1475 650 timoris
1501 590 1642 649 sore.
1730 607 1783 666 3.
1824 587 1915 647 Ex
1945 591 2013 649 iis
2047 591 2219 649 rebus

328 686 445 745 hoc
499 703 717 756 vereor,
759 689 851 757 n‘e,
897 702 1032 745 cum
1091 685 1407 762 Pompeius
1463 669 1707 765 propter·
1751 699 1976 746 metum
2028 705 2221 747 rerum
2292 697 2297 703 ’

331 799 615 842 novarum
668 799 956 859 nusquam
1009 782 1344 855 dimittatur,
1402 784 1640 845 Caesari
1694 786 1883 846 nullus
1937 784 2131 845 honos
2184 803 2222 842 a

331 891 537 940 senatu
591 880 885 952 habeatur,
929 880 1071 939 dum
1111 880 1208 940 hic
1248 883 1442 943 nodus
1491 884 1847 960 expediatur,
1888 902 2013 942 non
2060 885 2224 959 putet

331 989 567 1038 senatus
607 997 736 1050 nOS,
772 988 1087 1055 antequam
1129 996 1465 1038 successum
1508 982 1595 1053 sit,
1630 992 1899 1058 oportere
1942 980 2225 1040 decedere

331 1095 444 1139 nec
490 1077 553 1135 in
600 1086 762 1135 tanto
811 1087 977 1136 motu
1024 1092 1216 1136 rerum
1266 1078 1439 1137 tantis
1483 1080 1795 1155 provinciis
1843 1077 2103 1154 singuios
2145 1079 2226 1137 le-

332 1185 504 1251 gatos
556 1192 842 1250 praeesse.
944 1172 1083 1246 Hic,
1131 1193 1208 1234 ne
1261 1175 1404 1252 quid
1458 1175 1598 1234 mihi
1652 1187 2012 1252 prorogetur,
2064 1174 2222 1253 quod

334 1290 412 1331 ne
451 1273 796 1331 intercessor
832 1273 1071 1348 quidem
1110 1273 1393 1332 sustinere
1434 1274 1639 1349 possit,
1677 1273 1905 1344 horreo,
1940 1283 2113 1351 atque
2150 1293 2225 1333 eo

335 1370 540 1444 magiS,
583 1370 744 1446 quod
785 1378 848 1428 tu
890 1369 1049 1439 abeS,
1093 1369 1194 1447 qui
1237 1369 1499 1440 consilio,
1540 1369 1740 1444 gratia,
1792 1372 1985 1429 studio
2031 1371 2225 1430 multis

335 1468 509 1526 rebus
559 1484 910 1526 occurreres„
995 1461 1168 1550 [Sed]
1220 1468 1381 1526 dices
1428 1484 1524 1525 me
1582 1468 1776 1544 ipsum
1822 1469 1963 1527 mihi
2018 1469 2231 1528 sollici-

335 1566 600 1624 tudinem
655 1573 906 1624 struere:
965 1582 1167 1640 cogor,
1217 1574 1276 1624 et
1323 1565 1493 1624 velim
1541 1566 1619 1623 ita
1666 1566 1755 1624 sit.
1857 1565 1975 1625 Sed
2028 1568 2230 1626 omnia

337 1673 554 1723 metuo.
635 1659 762 1720 Etsi
806 1661 1019 1720 bellum
1067 1663 1451 1737 ἅκροτελαῖηον
1486 1662 1662 1722 habet
1698 1663 1793 1721 illa
1828 1673 1928 1721 tua
1969 1663 2226 1740 epistola,

338 1778 518 1838 quam
545 1759 752 1819 dedisti
792 1777 1082 1818 nauseans
1121 1759 1443 1821 Buthroto:
1484 1765 1501 1791 ‘
1520 1760 1639 1830 tibi,
1668 1769 1733 1819 ut
1759 1760 1928 1819 video
1955 1769 2014 1818 et
2041 1778 2231 1838 spere,

338 1859 496 1919 nulla
536 1857 613 1917 ad
653 1857 1057 1916 decedendum
1098 1857 1298 1916 mora!
1383 1856 1626 1917 Mallem
1669 1862 1685 1889 ‘
1702 1868 1763 1916 ut
1804 1859 1973 1916 video
1990 1858 2031 1931 3’
2093 1857 2233 1916 nihil

340 1976 490 2035 opus
534 1954 641 2015 suit
683 1959 699 1987 ‘
715 1965 780 2014 ut
820 1953 1029 2033 spero?
1113 1975 1169 2029 4.
1213 1954 1578 2032 Acceperam
1620 1966 1815 2015 autem
1854 1957 1995 2037 satis
2038 1956 2234 2015 celeri-

340 2067 425 2116 ter
479 2054 667 2114 Iconii
721 2071 829 2129 per
879 2053 1325 2130 publicanorum
1378 2054 1709 2114 tabellarios
1765 2071 1802 2112 a
1855 2052 2084 2113 Lentuli
2136 2055 2235 2111 tri·-

339 2152 564 2229 umpho
604 2150 782 2210 datas.
865 2151 936 2208 In
968 2150 1058 2209 his
1089 2152 1435 2225 γλυκύπικρον
1467 2150 1607 2211 illud
1640 2152 1972 2223 confirmas,
2006 2168 2234 2210 moram

340 2250 482 2310 mihi
524 2249 741 2308 nullam
781 2247 922 2319 fore,
961 2247 1172 2306 deinde
1214 2248 1398 2319 addis,
1433 2248 1484 2306 si
1524 2249 1665 2325 quid
1706 2267 1889 2321 secuS,
1924 2259 1981 2307 te
2023 2249 2097 2307 ad
2138 2266 2236 2306 me

341 2368 471 2409 esse
513 2356 837 2406 venturum.
921 2345 1164 2421 Angunt
1196 2363 1294 2404 me
1332 2346 1719 2405 dubitationes
1757 2356 1921 2418 tuae;
1972 2345 2143 2405 simul
2179 2354 2239 2404 et

341 2448 520 2518 videS,
577 2460 724 2520 quas
778 2445 1102 2518 acceperim
1156 2443 1391 2503 litteraS.
1495 2443 1653 2503 Nam
1714 2462 1861 2521 quas
1926 2444 2238 2513 Hermoni,-

345 2541 699 2604 centurionis
755 2539 1038 2611 Canuleii,
1093 2541 1219 2618 ipse
1288 2541 1492 2601 scribis
1545 2551 1603 2599 te
1660 2542 1905 2613 dedisse,
1961 2559 2083 2600 non
2142 2558 2240 2599 ac·

345 2643 492 2718 cepi.
576 2638 778 2703 Laenii
815 2639 1011 2714 pueris
1047 2647 1106 2698 te
1147 2640 1379 2699 dedisse
1420 2658 1597 2717 saepe
1638 2638 1713 2697 ad
1754 2656 1851 2697 me
1893 2640 2239 2714 scripseras:

346 2760 447 2801 eas
495 2738 826 2799 Laodiceae
876 2735 1145 2812 denique,
1197 2754 1333 2795 cum
1388 2755 1462 2796 eo
1517 2738 1823 2809 venissem,
1872 2737 2041 2794 tertio
2098 2734 2243 2794 Idus

348 2839 622 2898 Februar.
657 2833 943 2909 ‚Laenius
1011 2834 1153 2892 mihi
1217 2833 1483 2906 reddidit,
1538 2835 1704 2894 datas
1770 2853 1820 2893 a.
1874 2834 1932 2893 d.
1985 2851 2041 2892 x.
2104 2829 2238 2890 Kal.

349 2935 655 2996 Octobres,
724 2930 949 2990 Laenio
1004 2940 1132 2989 tuas
1182 2932 1724 2991 commendationes
1781 2938 1839 2989 et
1885 2930 2079 2990 statim
2118 2948 2244 2990 ver-

347 3034 438 3092 bis
478 3042 537 3091 et
577 3030 800 3105 reliquo
843 3038 1105 3104 tempore
1145 3047 1208 3086 re
1245 3030 1533 3105 probabo·
1618 3042 1673 3103 5.
1714 3027 1838 3087 Eae
1882 3028 2098 3088 litterae
2148 3046 2245 3087 ce·

347 3140 471 3189 tera
525 3137 720 3186 vetera
773 3126 1083 3198 habebant,
1137 3143 1323 3183 unum
1376 3124 1492 3184 hoc
1553 3144 1789 3198 novum,
1838 3126 1913 3185 de
1962 3124 2247 3202 Cibyratis

347 3226 664 3306 pantheris·
749 3222 1004 3282 Multum
1035 3233 1093 3282 te
1128 3239 1282 3295 amo,
1311 3222 1472 3299 quod
1506 3224 1853 3301 respondisti
1886 3222 1973 3281 M.
2002 3221 2248 3282 Octavio

348 3338 407 3385 te
436 3343 560 3384 non
599 3332 835 3402 putare3
881 3321 982 3381 sed
1019 3320 1264 3397 posthac
1292 3323 1508 3392 omnia,
1538 3340 1688 3397 quae
1727 3330 1881 3380 certa
1914 3337 2036 3378 non
2064 3329 2249 3390 erunt,

350 3440 461 3501 pro
491 3433 650 3485 certo
680 3430 916 3497 negato·
1001 3418 1133 3479 Nos
1166 3418 1325 3477 enim
1358 3427 1417 3478 et
1448 3429 1649 3478 nostra
1680 3426 1890 3494 sponte
1922 3417 2073 3475 bene
2100 3416 2252 3476 firmi
