2642 3925
322 262 408 334 Ep.
437 249 522 342 9·]
821 266 1043 319 Eprsr.
1088 264 1190 315 AD
1230 263 1560 315 ATTICUM
1598 262 1678 314 11.
1730 267 1789 316 1.
2128 255 2246 332 25·

324 420 513 483 facere
532 422 691 483 illum
708 423 850 483 mihi
866 442 1044 500 quam
1061 424 1244 501 prosit
1255 422 1489 494 «nesci03
1511 419 1879 496 reipublicae
1900 426 2052 477 certe
2071 435 2207 494 pro·

267 588 278 600 ,
326 520 471 579 dest.
515 519 691 593 Quid,
720 521 769 580 si
798 523 973 581 etiam
995 521 1324 592 Caesarem,
1347 522 1509 579 cuius
1526 538 1683 577 nunc
1709 517 1870 575 venti
1891 516 2057 574 valde
2076 523 2211 575 sunt

325 618 582 689 secundi,
603 619 789 677 reddo
808 619 1124 691 meliorem,
1143 637 1285 678 num
1307 627 1534 676 tantum
1564 617 1776 674 obsum
1803 614 1886 672 rei
1906 612 2209 689 publicae?

329 728 383 790 7.
410 714 572 788 Quin
611 715 803 788 etiam,
834 718 885 774 si
908 716 1051 775 mihi
1093 734 1270 775 nemo
1312 715 1612 783 invideret,
1652 714 1701 771 si
1735 715 1969 783 'omnes
1997 721 2061 769 ut
2089 719 2211 768 erat

326 830 597 889 aequum,
651 813 930 884 faverent,
987 822 1187 872 tamen
1253 830 1378 871 non
1434 812 1628 870 minus
1698 819 1853 869 esset
1906 807 2211 885 probanda

323 911 628 983 medicina,
657 929 809 987 quae
837 922 1068 970 sanaret
1105 911 1340 970 vitiosas
1378 921 1571 985 partes
1612 908 1693 966 rei
1721 907 2003 983 publicae,
2032 923 2209 982 quam

326 1027 476 1085 quae
516 1020 830 1068 exsecaret.
912 1008 1092 1068 Nunc
1131 1025 1289 1078 vero,
1335 1025 1470 1065 cum
1525 1007 1811 1081 equitatus
1865 1004 1975 1074 ille,
2031 1022 2210 1080 quem

325 1123 440 1182 ego
467 1106 528 1164 in
549 1106 697 1165 clivo
724 1105 1057 1183 Capitolino
1082 1117 1141 1166 te
1166 1104 1441 1181 signifero
1464 1121 1533 1163 ac
1553 1104 1815 1179 principe
1844 1102 2210 1174 collocaram,

326 1212 592 1262 senatum
607 1203 941 1274 deseruerit,
961 1204 1143 1262 nostri
1166 1212 1359 1261 autem
1377 1200 1668 1277 principes
1688 1200 1869 1275 digito
1899 1217 1961 1259 se
1982 1199 2207 1284 caelum

325 1311 531 1378 putent
568 1302 868 1377 attingere,
911 1302 961 1360 si
1003 1300 1162 1359 mulli
1204 1300 1429 1359 barbati
1457 1299 1520 1356 in
1548 1298 1788 1374 piscinis
1829 1298 1960 1369 sint,
1989 1298 2089 1374 qui
2132 1297 2210 1356 ad

288 1475 299 1486 ·
326 1416 568 1457 manum
595 1398 894 1469 accedant,
925 1400 1037 1458 alia
1076 1407 1272 1457 autem
1313 1397 1666 1472 neglegant,
1689 1414 1887 1455 nonne
1928 1395 2030 1454 tibi
2071 1394 2210 1454 satis

325 1496 603 1571 prodesse
629 1497 846 1568 videor,
875 1497 924 1555 si
953 1496 1192 1572 perficio
1219 1506 1284 1555 ut
1311 1496 1502 1555 nolint
1542 1496 1753 1553 obesse
1794 1495 1894 1570 qui
1923 1493 2207 1569 possunt?

327 1596 383 1653 8.
424 1610 562 1653 nam
604 1593 891 1654 Catonern
927 1605 1192 1654 nostrum
1233 1612 1359 1652 non
1396 1604 1462 1651 tu
1489 1610 1652 1651 amas
1680 1594 1811 1668 plus
1846 1610 2025 1669 quam
2054 1608 2207 1666 eg03

324 1692 430 1751 sed
457 1703 652 1754 tamen
678 1692 770 1752 ille
797 1693 1024 1769 optimo
1066 1693 1263 1750 animo
1304 1701 1476 1751 utens
1519 1701 1578 1753 et
1620 1709 1851 1749 summa
1892 1690 2005 1748 fide
2035 1698 2208 1748 nocet

323 1789 612 1848 interdum
653 1791 737 1849 rei
778 1790 1080 1866 publicae:
1137 1790 1275 1848 dicit
1312 1790 1471 1848 enim
1511 1800 1811 1865 tamquam
1852 1788 1914 1847 in
1954 1787 2209 1845 Platonis

321 1890 569 1960 πολιτείᾳ,
591 1904 715 1945 non
743 1895 1044 1964 tamquam
1065 1887 1127 1945 in
1149 1886 1389 1944 Romuli
1411 1886 1587 1958 faece,
1611 1886 1975 1944 sententiam.
2049 1883 2211 1956 Quid

323 1985 513 2044 verius
539 2003 718 2062 quam
760 1986 822 2043 in
863 1986 1139 2044 iudicium
1173 1986 1368 2042 venire
1411 1985 1511 2060 qui
1552 1985 1797 2042 obrem
1841 1982 2210 2041 iudicandam

321 2082 632 2157 pecuniam
659 2083 984 2159 acceperit?
1027 2082 1249 2141 censuit
1288 2080 1406 2141 hoc
1435 2080 1603 2152 Cato,
1645 2081 1899 2140 adsensit
1940 2089 2207 2139 senatus:

321 2178 545 2255 equites
573 2177 763 2237 curiae
782 2179 1015 2249 bellum,
1039 2196 1164 2237 non
1190 2178 1367 2251 mihi3
1410 2196 1549 2236 narn
1569 2197 1683 2255 ego
1713 2177 1975 2238 dissensi.
2047 2164 2209 2248 Quid

320 2272 713 2352 impudentius
751 2276 1076 2355 publicanis
1108 2278 1609 2336 renuntiantibus?
1665 2276 1770 2335 fuit
1813 2286 2007 2334 tamen
2037 2276 2207 2333 retin-

321 2374 459 2432 endi
501 2373 721 2433 ordinis
768 2392 946 2433 causa
994 2374 1268 2433 faciunda
1310 2375 1828 2467 Q
1864 2384 1922 2432 et
1970 2374 2208 2451 pervicit

323 2470 512 2544 Cat03
570 2472 763 2548 itaque
812 2490 988 2551 nune,
1045 2473 1284 2532 consule
1340 2473 1403 2531 in
1445 2492 1679 2532 carcere
1731 2472 1972 2547 incluse,

318 2571 463 2629 item
499 2569 786 2629 seditione
831 2580 1144 2640 commota,
1182 2570 1453 2646 aspiravit
1489 2587 1667 2628 nemo
1706 2587 1924 2639 eorum,
1956 2586 2207 2645 quorum

323 2685 438 2744 ego
482 2685 777 2727 concursu
819 2667 1075 2742 itemque
1111 2667 1151 2723 ii
1193 2668 1483 2740 consules,
1524 2669 1625 2745 qui
1661 2680 1796 2743 post
1831 2686 1927 2725 me
1957 2665 2205 2738 fuerunt,

323 2783 448 2823 rem
502 2764 798 2842 publicam
856 2763 1167 2823 defendere
1223 2765 1504 2825 solebant.
1587 2763 1747 2836 Quid
1803 2764 1985 2839 ergo?
2047 2764 2207 2836 istOS,

325 2862 567 2939 inquies»,
609 2861 878 2920 mercede
919 2862 1244 2921 conductos
1285 2862 1670 2921 habebimus?
1728 2861 1867 2940 quid
1909 2861 2208 2933 faciemuS,

327 2959 376 3018 si
413 2958 575 3017 aliter
613 2974 737 3018 non
776 2960 1135 3035 possumus?
1177 2977 1254 3018 an
1287 2959 1562 3019 libertinis
1605 2970 1780 3035 atque
1814 2959 1990 3018 etiam
2032 2960 2209 3031 servis

327 3056 680 3116 serviamus?
765 3055 898 3127 Sed,
949 3065 1014 3114 ut
1056 3066 1119 3114 tu
1173 3057 1276 3128 ais,
1325 3047 1442 3115 ἅλις
1487 3059 1732 3128 σπουδῆς.
1817 3077 1872 3131 9.
1916 3057 2209 3117 Favonius

318 3172 517 3215 meam
543 3154 756 3212 tribum
783 3154 908 3213 tulit
933 3153 1234 3212 honestius
1261 3172 1442 3229 quarn
1470 3171 1657 3227 suam,
1675 3153 1911 3214 Lucceii
1941 3155 2207 3231 perdidit.

304 3250 633 3311 ‘Accusavit
665 3250 941 3310 Nasicam
983 3251 1243 3321 honeste,
1284 3268 1354 3309 ac
1396 3252 1639 3310 moleste
1682 3263 1879 3311 tamen
1921 3252 2080 3323 dixit,
2128 3252 2208 3311 ita

323 3359 387 3409 ut
433 3348 630 3408 Rhodi
676 3349 962 3408 videretur
1003 3349 1174 3407 molis
1218 3349 1411 3424 potius
1458 3367 1634 3425 quam
1687 3349 1916 3411 Moloni
1962 3366 2204 3425 operam

316 3447 593 3525 dedissffi
660 3447 821 3522 mihi,
884 3448 1046 3527 quod
1116 3446 1527 3521 defendissem,
1590 3449 1787 3508 leviter
1855 3450 2203 3510 succensuit.

2241 2438 2314 2479 j„
