2642 3925
297 214 619 297 Ep.90,91.]
689 226 915 290 EPIST.
962 226 1061 283 AL?
1104 226 1552 292 FAMILIARES
1603 230 1690 280 ττι.
1738 214 1800 277 6.
2064 231 2185 302 195

293 393 474 442 unum
525 375 806 435 solacium
862 376 922 446 in
975 375 1161 446 malis,
1247 375 1365 448 Sed
1414 387 1627 449 tamen,
1679 378 1953 456 quoniam
2006 378 2186 454 effugi

292 473 414 532 eius
456 472 864 543 offensionem,
901 474 1000 549 qui
1038 473 1282 546 fortasse
1325 476 1688 548 arbitraretur
1730 494 1824 536 me
1869 476 2018 552 hagno
2060 495 2186 550 rem

292 571 587 646 publicam
638 588 759 628 non
800 579 1020 650 putare,
1064 570 1114 640 si
1155 581 1440 650 perpetuo·
1478 581 1747 643 tacerem,
1789 572 2021 642 modice
2069 572 2185 642 hoc

291 667 498 738 faciam
545 678 644 738 aut
691 668 866 738 etiam
914 668 1062 740 intra
1105 668 1365 742 modurn,
1408 677 1473 728 ut
1512 679 1571 728 et
1615 669 1762 733 illius
1806 669 2084 742 voluntati
2127 679 2185 727 et

291 767 436 825 meis
464 766 670 838 ‚studiis
700 766 964 824 serviam.
1049 765 1206 828 Nam
1234 768 1343 838 etsi
1373 787 1408 826 a
1434 768 1621 846 prima
1650 777 1835 828 aetate
1863 786 1960 844 me
1990 768 2183 830 omnis

292 883 383 923 ars
411 875 469 935 et
504 863 769 931 doctrina
805 863 1054 932 liberalis
1082 877 1139 926 et
1167 866 1425 936 ⁸maxime
1463 865 1832 941 philosophia
1866 866 2183 950 delectavit,

290 973 490 1030 tamen
527 960 643 1032 hoc
684 961 937 1019 studium
975 961 1232 1036 quotidie
1270 961 1626 1040 ingravescit,
1670 962 1846 1036 credo
1885 971 1943 1034 et
1980 964 2182 1039 aetatis

289 1060 617 1128 maturitate
647 1059 722 1117 ad
750 1059 1119 1139 prudentiam
1150 1068 1208 1118 et
1243 1059 1335 1117 his
1377 1065 1704 1135 tempoffium
1733 1060 1896 1134 vitiis,
1924 1071 1989 1136 ut
2025 1061 2183 1132 nulla

288 1176 384 1230 res
422 1158 533 1228 alia
573 1158 760 1220 levare
801 1157 1059 1216 animum
1098 1157 1380 1230 molestiis
1413 1158 1635 1233 possit;
1682 1173 1736 1232 5.
1778 1176 1814 1218 a
1840 1177 1959 1234 quo
1991 1161 2181 1220 studio

291 1267 349 1316 te
393 1255 604 1316 abduci
648 1255 895 1330 negotiis
945 1253 1218 1331 intellego
1275 1273 1348 1326 ex
1405 1255 1518 1313 tuis
1574 1255 1788 1328 litteris,
1834 1256 1938 1330 sed
1985 1267 2182 1320 tamen

226 1429 235 1434 q
289 1353 507 1430 aliquid
548 1352 665 1413 iam
706 1361 910 1410 noctes
953 1362 1008 1410 te
1048 1352 1427 1426 adiuvabunt,
1506 1352 1734 1412 Servius
1776 1363 1908 1428 tuus
1943 1355 2031 1428 vel
2071 1374 2180 1431 po·-

288 1451 403 1509 tius
440 1460 639 1509 noster
678 1467 906 1518 summa
938 1467 1033 1516 me
1071 1449 1440 1520 observantia
1477 1451 1642 1524 colit3
1687 1452 1849 1518 cuius
1891 1471 2006 1529 ego
2045 1472 2181 1526 cum

289 1548 454 1607 omni
496 1548 783 1631 probitate
827 1565 1169 1623 summaque
1210 1548 1431 1619 virtute,
1474 1558 1598 1607 tum
1641 1551 1840 1622 studiis
1891 1551 2181 1616 doctrina-,

289 1664 405 1723 que
458 1645 726 1716 delector.
810 1642 872 1703 Is
920 1662 1154 1718 mecum
1209 1663 1386 1721 saepe
1443 1646 1516 1704 de
1565 1656 1667 1716 tua
1720 1649 2025 1714 mansione
2081 1661 2181 1709 aut

288 1743 630 1804 decessione
681 1742 1106 1814 communicat:
1175 1742 1366 1816 adhuc
1413 1744 1476 1816 in
1523 1744 1634 1804 hac
1690 1762 1820 1819 sum
1878 1748 2177 1820 sententia,

287 1842 430 1900 nihil
467 1856 529 1910 ut
565 1840 845 1912 faciamus
884 1839 996 1897 nisi
1045 1838 1205 1917 quod
1244 1842 1499 1910 maxime
1542 1840 1758 1912 Caesar
1798 1841 1941 1900 velle
1983 1843 2179 1912 videa-

286 1950 392 1998 tur.
483 1937 603 1998 Res
642 1947 777 1996 sunt
814 1937 936 1996 eius
973 1937 1151 2009 modi,
1181 1947 1260 2009 ut,
1293 1938 1342 1997 si
1382 1937 1609 2006 Romae
1648 1939 1743 2010 siS,
1780 1939 1917 2001 nihil
1956 1952 2179 2018 praeter

286 2048 420 2096 tuos
461 2037 744 2095 delectare
784 2036 985 2112 possit.
1071 2035 1163 2097 De
1200 2036 1451 2121 reliquis,
1482 2037 1622 2099 nihil
1659 2037 1865 2110 melius
1903 2041 2032 2115 ipso
2071 2051 2177 2113 est,

286 2136 465 2204 ceteri
505 2145 564 2192 et
604 2146 796 2193 cetera
837 2135 959 2192 eius
1002 2134 1180 2205 modi,
1215 2143 1296 2209 ut,
1337 2134 1387 2205 si
1424 2135 1668 2207 alterum
1709 2123 1902 2209 utrum
1936 2156 2177 2215 necesse

286 2235 377 2305 sit,
424 2233 625 2303 ,audire
674 2251 745 2291 ea
792 2232 957 2301 malis
1006 2251 1182 2309 quam
1233 2233 1444 2305 videre.
1526 2232 1666 2307 Hoc
1714 2245 1977 2301 nostrum
2033 2255 2176 2299 con-

286 2331 477 2401 silium
526 2331 698 2395 nobis
744 2331 981 2389 minime
1028 2316 1346 2403 iucundum
1384 2340 1492 2403 est,
1536 2332 1635 2419 qui
1684 2341 1740 2407 te
1781 2333 1974 2407 videre
2016 2337 2178 2413 cupi-
2234 2401 2238 2405 ‚

281 2447 433 2501 mus,
465 2428 570 2501 sed
594 2428 958 2501 ,consulimus
987 2428 1104 2487 tibi.
1188 2428 1354 2506 Vale?

684 2586 782 2642 ¹91.
867 2582 983 2640 AD
1024 2582 1527 2645 FAMILIARES
1569 2585 1672 2645 VI.
1719 2587 1777 2647 6.

844 2696 973 2756 SCR.
1018 2697 1236 2756 ROMAE
1275 2686 1443 2759 'lm-c,
1490 2703 1623 2773 708.

783 2821 846 2867 Μ.
889 2821 1093 2863 CICERO
1135 2821 1329 2864 S.D.A.
1360 2823 1657 2865 cAEcmAE.

371 2931 422 2985 1.
465 2920 718 2987 VEREOR
756 2937 834 2989 ne
878 2918 1170 2976 desideres
1196 2918 1451 2989 officium
1491 2935 1707 2990 meum,
1737 2910 1895 2994 quod
1925 2918 2026 2977 tibi
2061 2937 2171 2998 pro

281 3029 483 3078 nostra
508 3028 568 3089 et
605 3017 939 3086 meritorum
979 3016 1291 3074 multorum
1323 3027 1379 3074 et
1417 3016 1732 3085 studiorum
1775 3017 1999 3093 parium
2029 3037 2172 3081 con-

282 3117 579 3186 iunctione
629 3115 834 3187 deesse
881 3130 1002 3185 non
1042 3111 1235 3182 debet,
1278 3112 1383 3175 sed
1426 3123 1623 3173 tamen
1665 3132 1866 3173 vereor
1909 3135 1982 3177 ne
2026 3117 2171 3181 litte-

280 3231 474 3285 rarum
522 3231 558 3281 a
602 3230 698 3269 me
739 3211 993 3271 officium
1036 3211 1307 3287 requiras,
1348 3227 1492 3287 quas
1536 3211 1641 3271 tibi
1685 3222 1744 3272 et
1786 3215 1902 3273 iam
1945 3213 2170 3290 pridem

281 3323 339 3371 et
373 3328 551 3387 saepe
595 3309 903 3378 misissem,
946 3309 1055 3366 nisi
1101 3308 1359 3383 quotidie
1405 3310 1613 3381 ‚melius
1658 3292 2000 3387 exspectans
2040 3330 2170 3387 gra·

280 3408 626 3467 tulationem
684 3424 862 3484 quam
919 3404 1422 3465 confirmationem
1478 3410 1655 3469 animi
1721 3409 1801 3467 tui
1863 3408 2170 3484 complecti

1140 3509 1177 3552 o
1212 3509 1242 3549 2
