2642 3925
276 276 372 341 Ep.
409 260 521 345 xa]
633 268 869 323 EPIST.
913 268 1016 319 an
1055 266 1502 321 FAMILIARES
1543 268 1690 319 τιν.
1743 271 1800 321 ι.
2075 270 2164 335 49

279 440 477 493 tantos
520 429 815 508 percipere
863 426 1094 489 luctus!
1196 426 1356 489 Nam
1411 426 1552 503 quid
1597 443 1711 503 ego
1758 423 1833 484 de
1880 423 2166 484 Cicerone

282 529 515 591 dicam?
584 528 685 605 qui
739 544 875 585 cum
929 527 1182 603 primum
1237 543 1444 602 sapere
1499 524 1709 599 coepit,
1764 520 2170 581 acerbissimos

286 626 518 687 dolores
544 625 923 700 miseriasque
950 624 1227 700 percepit.
1309 622 1482 695 Quae
1523 622 1588 692 si,
1619 632 1682 679 tu
1707 629 1772 680 ut
1799 620 2016 689 scribis,
2043 617 2167 677 fato

286 726 442 785 facta
464 733 749 803 putarem,
775 720 985 780 ferrem
1013 721 1190 799 paulo
1217 719 1460 793 facilius,
1489 720 1595 779 sed
1621 719 1824 777 omnia
1864 725 1999 777 sunt
2037 733 2171 774 mea

288 823 461 899 culpa
485 820 815 892 commissa,
843 819 944 897 qui
969 820 1047 877 ab
1072 819 1143 878 iis
1167 835 1265 877 me
1293 817 1476 876 amari
1503 818 1802 893 putabam,
1824 815 1924 892 qui
1951 814 2171 873 invide-

287 921 448 991 bant,
502 936 609 979 eos
661 935 787 977 non
842 917 1147 993 sequebar,
1201 916 1303 992 qui
1357 916 1650 991 petebant.
1763 933 1816 975 a.
1890 910 2072 985 Quod
2127 910 2177 969 si

288 1018 504 1077 nostris
553 1014 809 1076 consiliis
856 1014 949 1073 usi
1004 1031 1267 1074 essemus
1323 1031 1514 1090 neque
1569 1012 1730 1090 apud
1782 1029 1896 1072 nos
1950 1018 2177 1069 tantum

289 1115 558 1173 valuisset
586 1130 777 1172 sermo
803 1121 905 1172 aut
933 1112 1238 1171 stultorum
1265 1111 1592 1189 amicorum
1624 1119 1724 1170 aut
1763 1108 2178 1186 improborum,

291 1211 607 1272 beatissimi
630 1211 984 1270 viveremus:
1040 1228 1216 1281 nunc,
1257 1210 1540 1287 quoniam
1581 1227 1811 1287 sperare
1852 1226 1962 1267 nos
2004 1206 2179 1266 amici

292 1311 510 1382 iubent,
552 1309 707 1368 dabo
748 1325 1005 1386 operam,
1044 1327 1121 1367 ne
1161 1326 1297 1367 mea
1335 1308 1606 1367 valetudo
1644 1318 1747 1367 tuo
1788 1305 1972 1366 labori
2014 1305 2181 1366 desit.
2518 1368 2536 1377 .‚
2563 1368 2571 1375 ,
2627 1370 2629 1381 Ι

294 1406 421 1466 Res
446 1416 666 1485 quanta
694 1407 782 1478 sit,
811 1406 1103 1484 intellego,
1133 1416 1469 1484 quantoque
1497 1405 1666 1466 fuerit
1692 1404 1915 1465 facilius
1942 1421 2180 1463 manere
2283 1398 2412 1485 [μ’
2445 1412 2487 1477 L:
2513 1400 2565 1493 ff(
2590 1482 2608 1497 ,

298 1503 461 1564 domi
508 1522 687 1581 quam
731 1505 956 1577 redire3
1020 1503 1126 1563 sed
1173 1512 1390 1575 tamen,
1441 1504 1490 1563 si
1537 1521 1747 1563 omnes
1793 1492 1984 1589 Ξξιιιι
1985 1519 2055 1593 gg
2102 1500 2178 1589 ΕΙ.

296 1601 602 1673 habemus,
645 1601 696 1659 si
738 1599 1050 1660 Lentulum
1090 1609 1211 1659 tam
1252 1600 1596 1671 studiosum,
1640 1618 1818 1678 quam
1856 1598 2098 1670 videtur,
2136 1599 2186 1658 si
2225 1522 2384 1684 ,Ἰξι
2439 1556 2507 1624 Ι
2553 1552 2587 1625 ‘l‘

296 1718 437 1760 vero
464 1700 641 1758 etiam
658 1698 1006 1775 Pompeium
1032 1707 1093 1757 et
1117 1696 1446 1771 Caesarem,
1469 1716 1592 1757 non
1620 1707 1710 1757 est
1735 1696 2181 1775 desperandum.

303 1816 358 1873 3.
401 1796 497 1856 De
523 1796 758 1868 familia,
785 1813 907 1872 quo
948 1795 1131 1856 modo
1173 1795 1462 1874 placuisse
1504 1795 1706 1855 scribis
1751 1794 1971 1865 amicis,
2011 1793 2190 1853 facie·

303 1913 470 1969 mus3
535 1893 607 1954 de
649 1893 803 1966 loco,
851 1911 1009 1952 nunc
1058 1892 1298 1975 quidem
1348 1893 1467 1951 iam
1515 1892 1653 1952 abiit
1699 1892 2040 1970 pestilentia,
2084 1888 2530 2013 εεὼ*ὁ“”
2424 1902 2439 1909 “
2471 1910 2490 1933 ·’

306 2009 485 2070 quam
512 1991 612 2051 diu
636 1990 759 2062 fuit,
786 2009 883 2051 me
911 2008 1035 2049 non
1063 1991 1263 2066 attigit.
1349 1989 1637 2066 Eamus,
1665 1990 1848 2049 homo
1885 1988 2186 2050 officiosis·
2285 1967 2492 2061 ΧΨ

302 2089 506 2160 εἰωιιε,
558 2105 656 2147 me
710 2088 871 2164 cupit
923 2104 1052 2146 esse
1108 2105 1309 2146 secum
1363 2097 1425 2147 et
1476 2085 1668 2146 adhuc
1721 2086 1946 2146 retinet.
2057 2085 2281 2167 Ego
2235 2101 2260 2130 f
2441 2154 2446 2162 ,

305 2185 574 2244 volebam
620 2184 753 2243 loco
791 2183 982 2259 magis
1030 2183 1258 2242 deserto
1307 2201 1436 2243 esse
1483 2184 1546 2244 in
1586 2182 1785 2261 EpirO,
1831 2201 1951 2261 quo
2000 2203 2194 2262 neque
2239 2168 2415 2258 ,sm-..-

310 2281 509 2358 Hispo
534 2282 752 2344 veniret
778 2296 889 2342 nee
914 2281 1143 2353 milites,
1171 2280 1278 2341 sed
1305 2280 1499 2341 adhuc
1526 2281 1795 2342 Plancius
1822 2300 1919 2341 me
1951 2283 2194 2358 retinet;

308 2388 506 2456 sperat
530 2396 708 2456 posse
749 2378 887 2451 fieri,
934 2387 999 2438 ut
1038 2396 1272 2438 mecum
1310 2379 1374 2440 in
1414 2378 1642 2440 Italiam
1682 2381 1962 2442 decedat:
2018 2399 2195 2459 quem
2296 2364 2327 2387 ”
2345 2351 2489 2564 ᾧ

312 2494 427 2554 ego
456 2476 612 2536 diem
639 2476 691 2536 si
717 2476 915 2536 videro
942 2485 1001 2535 et
1028 2477 1077 2536 si
1103 2477 1166 2537 in
1192 2487 1448 2538 vestrum
1481 2475 1858 2556 complexum
1883 2497 2100 2541 venero
2127 2499 2198 2540 ac
2251 2522 2271 2564 θ,
2303 2481 2386 2569 (ᾗ
2402 2472 2419 2484 ”
2487 2525 2501 2556 ,

312 2575 365 2634 si
407 2583 468 2634 et
507 2592 615 2642 vos
650 2583 709 2634 et
753 2593 853 2636 me
897 2575 1092 2652 ipsum
1138 2581 1502 2653 recuperar0,
1544 2576 1686 2638 satis
1727 2595 2010 2655 magnum
2057 2579 2201 2638 mihi
2277 2603 2289 2617 =
2332 2560 2338 2568 ’
2387 2570 2414 2590 ²

312 2671 567 2735 fructum
593 2673 833 2731 videbor
858 2673 1189 2749 percepisse
1217 2683 1276 2733 et
1301 2683 1523 2734 vestrae
1548 2674 1778 2750 pietatis
1803 2685 1863 2734 et
1888 2693 2071 2735 meae.
2143 2694 2199 2747 4.
2345 2677 2353 2684 '

316 2769 549 2828 Pisonis
576 2770 926 2842 humanitaS,
951 2769 1145 2843 virtus,
1175 2788 1342 2830 amor
1367 2772 1431 2830 in
1466 2789 1674 2833 omnes
1711 2789 1824 2832 nos
1864 2781 2060 2832 tantus
2095 2782 2201 2844 est,

319 2878 384 2926 ut
436 2866 577 2926 nihil
629 2885 805 2944 supra
851 2868 1076 2944 possit:
1138 2868 1362 2926 utinam
1411 2885 1484 2927 ea
1536 2885 1630 2927 res
1673 2868 1728 2926 ei
1769 2867 2051 2945 voluptati
2097 2870 2171 2930 sit
2185 2817 2399 2941 ΓΕ
2381 2863 2474 2930 <T
2537 2893 2552 2903 ⁴

324 2963 541 3040 gloriae
584 2965 823 3041 quidem
868 2963 1041 3024 video
1085 2962 1228 3024 fore.
1331 2965 1424 3025 De
1472 2963 1547 3036 Q.
1599 2963 1772 3024 fratre
1814 2965 1954 3028 nihil
1995 2986 2112 3045 ego
2148 2978 2207 3030 te

326 3063 611 3133 accusavi,
640 3061 745 3122 sed
784 3080 906 3133 vos,
936 3080 1073 3121 cum
1112 3063 1456 3140 praesertim
1495 3071 1617 3120 tam
1656 3064 1831 3140 pauci
1872 3065 2011 3137 sitis,
2052 3065 2208 3126 volui

324 3167 455 3218 esse
482 3175 661 3235 quam
687 3159 1210 3221 coniunctissimos.
1296 3173 1353 3234 5.
1397 3159 1630 3232 Quibus
1657 3179 1754 3222 me
1780 3161 2010 3223 voluisti
2037 3181 2212 3240 agere

320 3256 558 3331 gratias,
606 3256 703 3332 egi
743 3267 801 3316 et
839 3274 937 3316 me
990 3275 1029 3316 a
1081 3266 1141 3315 te
1196 3257 1502 3316 certiorem
1546 3257 1766 3318 factum
1811 3277 1944 3320 esse
1989 3259 2208 3336 scripsi.

332 3352 516 3424 Quod
542 3352 621 3413 ad
644 3370 759 3426 me,
787 3371 921 3414 mea
945 3353 1244 3425 Terentia,
1274 3353 1476 3414 scribis
1510 3363 1569 3414 te
1602 3355 1792 3416 vicum
1831 3356 2213 3429 vendituram,

324 3448 495 3536 quid,
522 3450 771 3520 ‚obsecro
804 3459 1058 3524 ter-me
1097 3451 1378 3514 miserum
1391 3452 1642 3532 ?·-quid·
1677 3451 1936 3520 futurum
1973 3453 2100 3518 est?
2139 3463 2215 3528 et.

1260 3567 1303 3616 t
