2642 3925
276 254 362 315 Ep.
388 265 497 313 121,
529 237 670 321 122.]
740 250 965 302 EPIST.
995 250 1094 298 AD
1121 247 1454 299 ATTIOUM
1477 249 1624 298 xvi.
1664 255 1689 301 1
1708 255 1758 302 1.
2038 253 2165 321 245

275 418 553 478 superum
592 399 824 471 faciunt,
861 418 1007 477 quas
1042 409 1236 476 sperat
1274 417 1411 459 suas
1450 417 1579 458 esse
1602 393 1629 459 τ’
1662 417 1781 458 eae·
1804 400 2164 477 congiarium

275 501 354 557 ab
381 500 643 558 Antonio
673 499 932 575 accipere
962 498 1286 568 noluerunt,
1309 507 1374 556 ut
1400 497 1495 556 hic
1524 497 1760 573 quidem
1788 509 1997 569 narrat,
2026 509 2085 556 et
2111 501 2165 558 ei

276 597 592 680 convitium
641 613 815 670 grave
872 594 1131 654 fecerunt
1187 595 1744 671 contionantemque
1797 595 2163 671 reliquerunt.

275 695 440 767 Quid
484 694 755 770 quaeris?
808 693 1018 752 ducem
1068 711 1131 752 se
1179 693 1482 770 profitetur
1532 711 1643 752 nec
1686 710 1798 752 nos
1843 693 1954 751 sibi
2002 705 2164 771 putat

275 794 484 851 deesse
533 800 819 869 oportere.
905 789 1198 868 Equidem
1247 791 1421 857 suasi,
1463 801 1528 850 ut
1569 790 1825 848 Romam
1865 804 2163 870 pergeret3

275 891 504 950 videtur
543 890 700 947 enim
741 887 884 946 mihi
925 899 982 947 et
1022 888 1386 965 plebeculam
1434 889 1718 946 urbanam
1768 897 1845 960 et,
1891 890 1939 947 si
1988 889 2165 948 fidem

277 989 494 1058 fecerit,
523 988 698 1045 etiam
726 985 920 1045 bonos
948 988 1102 1044 viros
1130 1003 1330 1044 secum
1358 985 1673 1046 habiturus,
1758 985 1815 1046 Ο
1844 985 2038 1059 Brute,
2066 990 2166 1048 ubi

275 1087 384 1146 es?
427 1093 706 1162 quantam
741 1087 992 1158 εὐκαιρίαν
1019 1085 1262 1143 amittis!
1308 1101 1435 1142 non
1458 1085 1729 1161 equidem
1756 1083 1873 1143 hoc
1900 1085 2165 1159 divinavi,

279 1185 387 1244 sed
424 1182 640 1260 aliquid
680 1181 792 1241 tale
834 1182 1027 1259 putavi
1071 1180 1209 1240 fore.
1295 1179 1473 1240 Nunc
1513 1193 1677 1240 tuum
1720 1183 2025 1242 consilium
2066 1203 2167 1244 ex-

276 1283 463 1360 quiro,
549 1281 881 1339 Romamne
921 1275 1108 1351 venio,
1150 1293 1225 1338 an
1267 1278 1364 1338 hic
1405 1296 1637 1348 maneo,
1676 1298 1755 1338 an
1796 1281 2167 1359 Arpinum—-

276 1384 575 1454 ἀσφάλειαν
625 1377 799 1436 habet
853 1377 904 1436 is
959 1375 1487 1453 locus—fugiam?
1571 1377 1846 1450 Romam,
1897 1397 1974 1438 ne
2019 1380 2167 1438 desi-

278 1478 564 1548 deremur,
606 1477 654 1535 si
695 1474 836 1553 quid
877 1486 1071 1534 actum
1111 1475 1413 1535 videbitur.
1499 1473 1639 1533 Hoc
1687 1475 1859 1552 igitur
1908 1477 2167 1555 explica:

278 1575 693 1658 numquam-in
719 1573 938 1631 maiore
965 1575 1150 1648 ἀπορίᾳ
1177 1572 1272 1630 fui.

679 1732 813 1788 122.
894 1728 1008 1787 AD
1051 1727 1442 1787 ATTICUM
1483 1727 1648 1788 XVI.
1698 1747 1792 1789 11.

372 1845 504 1908 Sex.
533 1865 596 1906 m
635 1845 998 1905 PurtoLANo
1041 1841 1228 1902 Noms
1270 1840 1697 1904 Novrmmunus
1738 1861 1905 1906 mue.
1951 1858 1983 1922 7
1996 1863 2088 1907 10.

907 1968 1113 2011 c1cm<o
1155 1968 1370 2010 A‘r‘nco
1409 1967 1533 2010 SAL.

369 2088 421 2130 1.
462 2066 654 2128 Noms
701 2066 901 2142 accepi
941 2083 978 2124 a
1019 2074 1076 2123 te
1118 2065 1263 2124 duas
1303 2064 1603 2141 epistolas,
1644 2082 1891 2141 quarum
1932 2067 2169 2129 alteram

280 2167 415 2226 Kal.
449 2166 711 2236 dederas,
743 2164 981 2222 alteram
1022 2162 1239 2237 pridie:
1281 2162 1455 2237 igitur
1491 2162 1651 2247 prius
1684 2164 1761 2222 ad
1798 2166 2169 2241 superiorem.

281 2265 566 2324 Nostrum
594 2279 747 2337 opus
774 2261 876 2319 tibi
904 2260 1135 2337 probari
1171 2259 1370 2330 laetor,
1396 2276 1473 2318 ex
1511 2278 1631 2336 quo
1668 2263 1793 2332 ἄνθη
1830 2263 1958 2339 ipsa
1994 2282 2170 2342 posu-

282 2365 393 2435 isti,
422 2379 572 2438 quae
613 2359 753 2416 mihi
795 2358 1126 2416 florentiora
1169 2366 1302 2414 sunt
1342 2358 1466 2415 visa
1506 2367 1609 2417 tuo
1658 2358 1906 2433 iudici03
1950 2364 2171 2425 cerulas

283 2461 440 2519 enim
471 2471 598 2516 tuas
627 2457 894 2515 miniatas
922 2456 1050 2513 illas
1074 2455 1545 2514 extimescebam.
1626 2454 1721 2514 De
1753 2455 1919 2516 Sicca
1951 2459 2030 2519 ita
2067 2473 2171 2534 est,

284 2569 348 2615 ut
376 2555 611 2626 scribi33
641 2558 680 2624 †
707 2564 833 2612 asta
860 2571 931 2612 ea
957 2570 1132 2628 aegre
1159 2568 1255 2611 me
1283 2553 1460 2611 tenui.
1544 2552 1751 2629 Itaque
1789 2558 2172 2634 perstringam

285 2656 412 2713 sine
468 2653 584 2711 ulla
637 2652 986 2711 contumelia
1044 2650 1246 2709 Siccae
1301 2658 1400 2707 aut
1459 2649 1789 2726 Septimiae,
1833 2663 2053 2713 tantum
2110 2669 2175 2715 ut

286 2752 471 2811 sciant
513 2752 690 2808 παῖδες
735 2752 946 2813 παίδων,
990 2750 1118 2807 sine
1163 2747 1314 2806 vallo
1364 2746 1685 2819 LucilianO,
1728 2766 1863 2807 eum
1904 2768 1977 2808 ex
2021 2750 2174 2812 Galli

285 2849 454 2909 Fadii
496 2848 613 2906 filia
666 2847 880 2905 liberos
933 2845 1220 2904 habuisse.
1305 2844 1502 2921 Atque
1551 2847 1772 2905 utinam
1826 2865 1963 2905 eum
2018 2850 2173 2909 diem
2240 2894 2244 2899 r

283 2947 530 3017 videam,
573 2962 708 3004 cum
757 2945 866 3003 ista
913 2945 1099 3002 oratio
1148 2944 1227 3001 ita
1274 2942 1453 3001 libere
1492 2954 1747 3019 vagetur,
1790 2950 1855 3003 ut
1894 2946 2067 3005 etiam
2112 2949 2174 3007 in

289 3046 489 3105 Siccae
521 3045 762 3104 domum
793 3044 1070 3102 introeat!
1116 3042 1219 3100 sed
1252 3040 1350 3098 illo
1390 3050 1652 3119 tempore
1689 3058 1841 3119 opus
1879 3056 1984 3116 est,
2013 3046 2175 3121 quod

287 3144 393 3203 suit
441 3144 550 3201 inis
595 3160 679 3201 111.
723 3142 872 3200 viris.
956 3139 1196 3210 Moriar,
1239 3140 1351 3197 nisi
1397 3138 1615 3199 facete!
1700 3140 1800 3200 Tu
1838 3160 1975 3201 vero
2016 3144 2175 3219 leges

291 3242 470 3300 Sexto
512 3241 749 3315 eiusque
792 3238 1064 3296 iudicium
1106 3236 1248 3293 mihi
1288 3239 1628 3313 perscribeS.
1706 3238 1797 3298 Εἷς
1835 3242 1948 3311 ἐμοὶ
1987 3240 2166 3313 μύριοι.

288 3338 491 3398 Caleni
519 3338 898 3404 interventum
930 3346 987 3394 et
1017 3334 1307 3394 Calvenae
1338 3337 1586 3395 cavebis.
1620 3325 1627 3332 ’
1674 3354 1725 3395 2.
1757 3334 1937 3407 Quod
1963 3335 2174 3393 vereris

287 3454 362 3497 ne
414 3438 703 3507 ἀδόλεσχος
757 3430 898 3492 mihi
952 3444 1029 3505 tu,
1075 3433 1203 3511 quis
1257 3432 1493 3493 minus?
1537 3433 1649 3505 cui,
1690 3443 1752 3491 ut
1801 3431 2175 3507 Aristophani
