2642 3925
485 272 563 325 Μ.
608 272 850 323 TULLII
893 273 1096 323 crcER
1104 273 1269 321 oms
1309 273 1424 323 ΕΡ.
1454 272 1555 321 AD
1581 271 1625 320 A
1638 272 1745 325 TT.
1785 273 1908 324 VII.
1945 279 1974 324 1
1990 279 2046 325 1.
2116 255 2233 342 ‘127

334 449 619 508 umquam
647 437 742 489 τοῦ
768 436 929 488 καλοῦ
955 431 1192 491 viderit!
1247 418 1647 508 ‘Atque-haec
1689 431 1769 490 ait
1808 431 2009 490 omnia
2042 429 2232 490 facere

338 535 402 588 se
457 528 752 605 dignitatis
808 547 1004 588 causa.
1086 528 1206 588 Ubi
1259 538 1350 613 est
1405 538 1599 587 autem
1659 529 1909 605 dignitas
1964 529 2076 587 nisi
2128 529 2230 587 ubi

334 627 647 708 honestas?
686 627 996 686 honestum
1026 626 1198 704 igitur
1216 625 1433 684 habere
1461 625 1777 685 exercitum
1806 626 1965 685 nullo
1994 623 2231 701 publico

335 725 622 785 consilio?
670 743 960 801 occupare
1003 726 1177 783 urbes
1230 723 1462 793 civium,
1504 740 1624 799 quo
1667 722 1886 781 facilior
1928 723 2001 782 sit
2041 724 2231 783 aditus

336 823 413 881 ad
456 821 741 898 patriam?
808 828 980 895 χρεῶν
1023 824 1301 893 ἀποκοπάς,
1352 824 1604 896 φυγάδὼν
1650 821 1916 894 medam,
1963 833 2233 881 sescenta

335 920 448 979 alia
477 919 696 978 scelera
723 919 930 990 moliri,

693 1021 786 1085 τὴν
808 1021 929 1071 θεῶν
951 1019 1189 1085 μεγίστην
1208 1020 1330 1071 ὥστ’
1350 1021 1488 1086 ἔχειν
1509 1021 1872 1088 τυραννίδα-Ῥ

336 1115 459 1175 Sibi
513 1116 726 1177 habeat
779 1134 947 1175 suam
1004 1115 1332 1174 fortunam!
1405 1134 1584 1174 unam
1652 1114 1983 1176 mehercule
2033 1126 2229 1176 tecum

340 1207 759 1289 apricationem
786 1213 848 1270 in
875 1212 972 1271 illo
1001 1212 1279 1271 lucrativo
1309 1224 1410 1271 tuo
1438 1213 1562 1271 sole
1588 1214 1788 1272 malim
1814 1231 1993 1291 quam
2029 1214 2232 1272 omnia

335 1312 500 1370 istius
541 1311 704 1370 modi
745 1328 946 1385 regna,
987 1310 1077 1368 vel
1126 1310 1319 1387 potius
1376 1311 1527 1370 mori
1567 1311 1772 1370 millies
1812 1329 1992 1388 quam
2048 1310 2229 1370 semel

335 1410 500 1468 istius
540 1408 703 1467 modi
744 1408 1061 1485 quicquam
1103 1408 1374 1483 cogitare.
1466 1427 1518 1467 2.
1579 1413 1595 1441 ‘
1613 1409 1774 1482 Quid
1823 1409 1873 1467 si
1914 1418 1977 1467 tu
2018 1405 2231 1469 velis?'

334 1506 546 1585 inquis·
626 1507 760 1582 Age
788 1506 919 1581 quis
946 1515 1050 1575 est,
1079 1505 1174 1564 cui
1201 1505 1346 1565 velle
1373 1523 1497 1565 non
1525 1507 1735 1566 liceat?
1816 1506 1935 1565 Sed
1972 1524 2086 1583 ego
2113 1506 2229 1566 hoc

334 1606 533 1683 ipsum
579 1603 722 1661 velle
767 1603 1031 1662 miserius
1075 1621 1206 1664 esse
1249 1604 1409 1672 ,duco
1460 1594 1641 1681 quarn
1683 1604 1745 1662 in
1795 1622 2027 1664 crucem
2077 1604 2231 1676 t011i3

333 1721 456 1761 una
490 1719 584 1761 res
619 1710 708 1760 est
745 1720 816 1759 ea
856 1701 1136 1773 miserior,
1167 1701 1413 1779 adipisci
1452 1701 1614 1779 quod
1654 1702 1736 1760 ita
1760 1701 2025 1760 volueris.
2099 1700 2235 1760 Sed

332 1801 482 1861 haec
522 1800 839 1872 hactenus;
882 1799 1128 1859 libenter
1166 1801 1329 1859 enim
1375 1799 1438 1859 in
1477 1798 1569 1859 his
1609 1800 1889 1859 molestiis
1930 1801 2234 1873 ἐνσχολάζω

334 1905 375 1970 †
405 1913 576 1950 cocon.
675 1915 730 1973 3.
773 1896 1110 1956 Redeamus
1137 1895 1212 1956 ad
1248 1902 1551 1958 nostrum:
1594 1916 1700 1976 per
1725 1896 2019 1956 fortunas!
2060 1896 2234 1974 quale

336 1998 442 2058 tibi
480 1995 790 2056 cbnsilium
816 1995 1083 2072 Pompeii
1110 1996 1373 2056 videtur?
1413 1997 1529 2056 hoc
1562 2013 1799 2075 quaem,
1826 1995 1988 2073 quod
2026 1995 2234 2055 urbem

335 2095 640 2172 reliquerit.
751 2092 887 2169 Ego
954 2094 1113 2152 enim
1167 2095 1362 2168 ἀπορῶ.
1470 2094 1633 2153 Tum
1698 2094 1842 2153 nihil
1910 2093 2232 2153 absurdius.

335 2191 561 2251 Urbem
587 2200 651 2250 tu
678 2191 1011 2267 relinquas?
1053 2208 1196 2268 ergo
1224 2191 1400 2264 idem,
1430 2192 1478 2252 si
1509 2191 1662 2252 Galli
1689 2192 1965 2252 venirent.
2056 2196 2073 2223 ‘
2090 2189 2233 2251 Non

335 2299 426 2349 est
447 2287 465 2312 ’
520 2289 709 2364 inquit
761 2293 777 2320 ⁸
798 2288 859 2346 in
900 2289 1218 2365 parietibus
1269 2307 1363 2349 res
1406 2289 1674 2367 publica?
1757 2291 1839 2349 At
1888 2290 1950 2349 in
2005 2289 2120 2348 aris
2173 2298 2233 2347 et

336 2386 503 2447 focis.
588 2390 604 2418 ‘
621 2386 784 2446 Fecit
833 2386 1301 2460 Themistoclem
1365 2388 1607 2447 fluctum
1663 2389 1823 2447 enim
1872 2388 2051 2446 totius
2095 2387 2227 2445 bar-

335 2486 533 2545 bariae
562 2485 713 2544 ferre
740 2485 881 2544 urbs
907 2503 1028 2544 una
1065 2503 1188 2544 non
1214 2486 1477 2562 poterat!
1534 2488 1615 2545 At
1640 2486 1797 2546 idem
1826 2486 2075 2545 Pericles
2109 2503 2235 2545 non

337 2583 490 2655 fecit,
549 2600 771 2642 annum
827 2583 946 2642 fere
1003 2594 1136 2660 post
1191 2585 1760 2660 quinquagesimum,
1818 2601 1954 2643 cum
2008 2593 2235 2659 praeter

336 2682 574 2742 moenia
619 2681 764 2741 nihil
806 2692 1046 2754 teneret,
1093 2687 1149 2739 et
1190 2682 1372 2742 nostri
1415 2682 1558 2740 olim
1601 2683 1747 2740 urbe
1796 2681 2021 2757 reliqua
2062 2689 2234 2757 capta

337 2797 534 2839 arcem
561 2787 758 2838 tamen
782 2779 1175 2838 retinuerunt:

652 2880 779 2931 οὕτω
798 2900 888 2931 που
911 2882 1010 2932 τῶν
1031 2880 1237 2946 πρόσθεν
1259 2881 1553 2942 ἐπευθόμεθα
1573 2880 1696 2933 κλέα
1715 2880 1910 2944 ἀνδρῶν.

340 2997 398 3048 4.
438 2975 666 3035 Rursus
722 2986 918 3035 autem
974 2994 1051 3036 ex
1107 2976 1310 3035 dolore
1364 2974 1705 3050 municipali
1748 2975 2232 3052 sermonibusque

337 3092 559 3145 eorum,
615 3091 797 3151 quos·
826 3074 1134 3144 conveni0‚
1189 3074 1415 3133 videtur
1469 3069 1585 3132 h'oc
1650 3073 1956 3132 consilium
2012 3073 2231 3132 exitum
2319 3082 2322 3083 ’

337 3171 705 3230 habiturum:
749 3171 895 3230 mira
931 3171 1236 3230 hominurn
1276 3170 1511 3248 querela
1550 3171 1924 3229 est—nescio
1956 3170 2097 3242 istic,
2126 3171 2231 3230 sed

336 3269 516 3328 facies
571 3276 635 3327 ut
681 3269 964 3339 sciam—‚
1011 3269 1136 3327 sine
1183 3268 1614 3344 magistratibus
1662 3269 1867 3327 urbem
1916 3286 2061 3338 esse,
2108 3268 2230 3327 sine

335 3377 577 3438 senatu3
635 3364 867 3442 fugiens
922 3366 1174 3442 denique
1217 3365 1550 3442 Pompeius‘
1588 3365 1920 3424 mirabiliter
1961 3364 2229 3424 homines

334 3447 568 3524 movet:
630 3464 770 3542 quid
820 3464 1086 3543 quaeris?
1148 3463 1263 3523 alia
1317 3482 1493 3524 causa
1547 3463 1701 3523 facta
1727 3474 1849 3538 est;
1917 3462 2059 3522 nihil
2112 3463 2228 3521 iam
