2642 3925
417 214 512 277 xii

477 382 607 417 Annus
627 380 760 417 aetatis

507 432 709 468 ciceronis.

1088 226 1283 290 ‚VJTA
1337 228 1728 277 CICERONIS.

810 491 882 538 M.
900 491 1086 538 Crassus
1109 500 1268 539 contra
1291 490 1485 539 Parthos
1507 505 1715 555 pugnans
1736 489 1960 538 occiditur
2002 524 2019 541 .
2144 434 2278 553 ἷξε·

810 573 864 619 Ρ.
879 572 1070 619 Clodius
1093 588 1119 618 a
1142 572 1204 621 T.
1221 574 1401 621 Milone
1425 574 1617 621 occisus.
1673 573 1762 621 Cn.
1775 572 2020 632 Pompeius

870 653 933 702 iii.
957 655 1129 713 consul,
1157 655 1252 703 sine
1276 656 1453 719 collega
1559 690 1573 704 .
1704 687 1720 704 .
1850 688 1866 704 .
1996 686 2012 702 .
2164 660 2257 715 702

811 735 976 784 Cicero
999 736 1208 783 Ciliciam
1230 751 1315 796 pro
1345 736 1530 784 consule
1559 736 1689 801 regit.
1758 736 1812 783 In
1841 736 2020 783 Italiam

875 818 992 865 redit
1013 833 1057 864 a.
1075 818 1120 866 d.
1145 818 1223 866 vii.
1246 818 1354 869 Kal.
1379 819 1656 867 Decembres
1710 852 1727 869 .
1858 851 1872 867 .
2002 850 2019 866 .
2102 825 2328 879 703-704

811 898 988 947 Bellum
1015 899 1162 947 civile.
1227 900 1393 948 Cicero
1422 909 1527 961 post
1553 901 1743 963 longam
1774 900 2024 948 dubitatio-

873 995 982 1029 nem
1003 982 1061 1027 ad
1085 981 1357 1042 Pompeium
1379 981 1677 1043 proficiscitur
1713 1016 1728 1030 .
1859 1013 1875 1029 .
2168 991 2262 1044 705

811 1062 924 1109 Post
966 1076 1168 1125 pugnam
1213 1063 1521 1110 Pharsalicam
1566 1063 1613 1109 iu
1667 1062 1848 1110 Italiam
1900 1061 2029 1112 redit.

875 1144 1009 1192 Mors
1030 1144 1425 1203 Pompeii..
1558 1179 1574 1194 .
1705 1179 1719 1193 .
1849 1173 1863 1189 .
1996 1176 2015 1194 .
2165 1139 2261 1205 706

813 1227 983 1275 Caesar
1005 1241 1111 1274 cum
1134 1226 1357 1275 Cicerone
1378 1228 1495 1275 redit
1519 1229 1565 1274 iu
1587 1228 1786 1291 gratiam
1857 1259 1873 1275 .
2000 1258 2017 1275 .
2165 1233 2261 1289 707

816 1310 993 1356 Bellum
1037 1309 1321 1356 Africanum.
1401 1309 1533 1357 Mors
1575 1308 1784 1357 Catonis.
1856 1309 2020 1357 Cicero

877 1390 1113 1451 repudiata
1135 1389 1351 1438 Terentia
1373 1390 1616 1437 Publiliam
1638 1390 1765 1438 ducit
1784 1405 1981 1439 uxorem
2004 1424 2018 1440 .
2168 1388 2261 1451 708

816 1472 947 1519 Mors
966 1471 1162 1521 Tulliae.
1227 1472 1392 1521 caesar
1415 1472 1460 1519 in
1483 1473 1702 1533 Hispania
1723 1480 1884 1520 contra
1905 1472 2023 1521 filios

876 1552 1085 1614 Pompeii
1107 1564 1281 1617 pugnat
1419 1588 1434 1602 .
1566 1588 1581 1602 .
1710 1588 1727 1605 .
1857 1589 1872 1603 .
2002 1589 2019 1604 .
2167 1562 2260 1617 709

815 1633 874 1685 C.
896 1633 1064 1683 Caesar
1085 1634 1237 1681 Idibus
1265 1634 1449 1683 Martiis
1479 1635 1713 1684 occiditur.
1779 1635 1942 1683 Cicero
1966 1622 2021 1683 tit

880 1715 1023 1763 iturus
1065 1711 1113 1763 in
1141 1717 1399 1764 ·Graeciam
1435 1719 1666 1777 profectus
1702 1717 1906 1764 Romam
1949 1732 2021 1764 re·

880 1799 1087 1848 vertitur.
1152 1798 1398 1846 Orationes
1429 1807 1648 1859 quattuor
1680 1798 1822 1846 habet
1859 1799 1909 1845 in
1947 1798 2019 1847 M.

884 1881 1157 1937 Antonium,
1172 1894 1289 1941 quae
1311 1865 1598 1941 Philippicae·
1611 1880 1862 1941 appellatae
1883 1888 1988 1927 sunt
2002 1913 2016 1929 .
2167 1887 2264 1942 710

820 1960 983 2011 Cicero
1028 1963 1137 2010 alias
1181 1963 1411 2011 orationes
1454 1963 1612 2009 decem
1656 1962 1931 2023 Philippicas
1971 1962 2020 2011 in

881 2045 959 2095 Μ.
991 2046 1250 2093 Antonium
1289 2045 1445 2093 habet.
1526 2045 1704 2092 Bellum
1742 2044 2022 2095 Mutinense.

884 2126 1049 2176 Cicero
1071 2127 1153 2177 vii.
1175 2126 1243 2174 Id.
1266 2126 1548 2174 Decembres
1572 2125 1797 2174 occiditur
1856 2158 1873 2175 .
2003 2156 2021 2173 .
2168 2132 2260 2188 711
