2642 3925
388 217 468 306 78
786 275 793 280 .
927 234 1006 283 M.
1057 234 1295 283 TULLJI
1339 225 1715 282 CICERONIS
1825 221 1834 227 ’
2032 217 2177 311 [pits
2206 217 2272 286 11.

385 386 777 446 referebantur
805 384 881 444 ad
909 402 1039 456 me;
1082 383 1184 461 qui
1225 401 1362 444 cum
1402 384 1499 443 illa
1527 380 1805 445 sentirent
1845 382 1907 442 in
1933 402 1997 443 re
2026 383 2274 461 publica}

386 503 538 562 quae
577 502 690 560 ego
733 483 1000 559 agebam,
1031 500 1377 559 semperque
1420 483 1749 554 sensissent,
1777 501 1873 540 me
1917 493 2112 542 tamen
2152 501 2275 542 non

388 584 526 643 satis
581 582 769 642 facere
816 579 1104 656 Pompeio
1146 578 1576 657 Caesaremque
1618 581 2079 640 inimicissimum
2133 580 2279 639 mihi

387 682 644 762 futurum
682 680 936 756 gaudere
977 692 1041 737 se
1082 679 1328 736 aiebant.
1335 656 1396 753 ›
1414 677 1556 739 Erat
1596 679 1711 739 hoc
1750 679 1893 737 mihi
1942 677 2277 749 dolendum,

385 778 494 838 'sed
547 777 731 836 multo
785 777 925 835 illud
979 777 1183 851 magiS,
1232 775 1396 852 quod
1452 776 1747 836 inimicum
1797 791 2278 844 meum—meum

389 876 629 935 autem?
670 876 852 933 immo
879 891 1017 933 vero
1043 873 1258 949 legum,
1286 873 1648 946 iudiciorum,
1677 875 1794 945 otii,
1823 875 2060 951 patriae,
2088 876 2280 933 bont>-⁴

389 989 521 1029 rum
561 968 992 1029 omnium—sic
1032 967 1524 1046 amplexabantur,
1569 969 1653 1028 sic
1692 969 1754 1027 in
1794 968 2064 1027 manibus
2104 967 2281 1027 habess

390 1068 550 1138 bant,
580 1066 664 1126 sic
691 1065 980 1135 fovebant,
1011 1065 1093 1124 sic
1126 1082 1222 1123 me
1259 1075 1565 1140 praesente
1592 1066 2019 1135 osculabantur,
2050 1084 2172 1125 non
2202 1065 2282 1124 illi

392 1164 629 1241 quidem
656 1175 720 1222 ut
754 1163 896 1221 mihi
940 1162 1302 1221 stomachum
1354 1161 1608 1223 facerent
1654 1182 1829 1239 quem
1872 1181 1987 1239 ego
2023 1163 2283 1223 funditus

391 1263 638 1342 perdidi,
691 1261 796 1322 sed
838 1271 993 1321 certe
1032 1271 1097 1319 ut
1139 1260 1328 1322 facere
1373 1280 1436 1320 se
1478 1262 1904 1321 arbitrarentur.
1986 1261 2106 1321 Hic
2148 1263 2280 1338 ege,

395 1372 680 1439 quantum
733 1359 991 1445 humano
1035 1359 1279 1419 consilio
1333 1361 1557 1419 efficere
1612 1361 1794 1437 potui,
1851 1360 2283 1438 circumspectis

394 1462 568 1519 rebus
595 1459 742 1518 meis
769 1457 1043 1515 omnibus
1072 1458 1507 1535 rationibusque
1531 1457 1830 1517 subductis
1853 1477 2145 1518 summam
2174 1458 2285 1519 feci

398 1556 817 1633 cogitationum
843 1572 1107 1614 mearum
1135 1556 1419 1627 omnium,
1437 1572 1615 1632 quam
1642 1556 1762 1627 tibi,
1781 1557 1830 1614 si
1858 1566 2079 1632 potere,
2099 1557 2284 1615 breviss

395 1666 484 1714 ter
510 1670 820 1729 exponam.
909 1670 936 1711 1
952 1671 1000 1711 1.
1041 1650 1193 1727 Eg0‚
1223 1653 1273 1712 si
1301 1654 1378 1711 ab
1401 1653 1685 1731 improbis
1712 1663 1771 1712 et
1806 1654 2043 1729 perditis
2064 1655 2285 1714 civibus

397 1773 524 1814 rem
563 1751 855 1830 publicam
896 1750 1077 1809 teneri
1121 1751 1395 1823 viderem,
1438 1753 1585 1811 sicut
1629 1761 1689 1810 et
1732 1752 1879 1811 meis
1925 1752 2287 1828 temporibus

400 1852 616 1910 scimus
653 1861 711 1908 et
751 1866 875 1908 non
915 1849 1085 1908 nullis
1128 1849 1252 1908 aliis
1281 1849 1581 1922 accidisse,
1612 1867 1734 1908 non
1773 1850 1955 1909 modo
1996 1849 2286 1926 praemiis,

400 1968 550 2025 quae
583 1947 741 2025 apud
778 1966 874 2007 me
915 1946 1221 2006 minimum
1257 1946 1467 2019 valent,
1497 1946 1604 2007 sed
1642 1965 1719 2007 ne
1750 1948 2017 2024 periculis
2051 1949 2290 2026 quidem

401 2046 736 2124 compulsus
774 2046 922 2116 ullis,
953 2047 1165 2122 quibus
1209 2057 1408 2106 tamen
1427 2056 1749 2125 *moventur
1784 2048 1958 2106 etiam
1994 2046 2289 2106 fortissimi

400 2146 520 2215 viri,
570 2143 649 2203 ad
701 2161 906 2203 eorum
953 2155 1191 2202 causam
1244 2161 1341 2202 me
1397 2143 1790 2220 adiungerem,
1839 2162 1916 2204 ne
1965 2145 2013 2204 si
2062 2149 2293 2204 summa'

404 2241 642 2318 quidem
669 2259 873 2300 eorum
909 2240 971 2297 in
1010 2258 1106 2298 me
1147 2242 1354 2300 merita
1391 2238 1735 2300 constarent.
1820 2240 1973 2301 Cum
2000 2253 2193 2301 autem
2230 2243 2292 2301 in

404 2358 466 2397 re
509 2338 739 2415 publica
778 2336 890 2396 Cn.
921 2336 1237 2414 Pompeius
1275 2339 1549 2414 princeps
1583 2351 1751 2410 esset,
1782 2341 1866 2397 vir
1906 2341 1970 2411 is,
2000 2341 2101 2417 qui
2142 2340 2292 2399 hanc

405 2437 728 2514 potentiam
776 2445 834 2494 et
879 2435 1126 2510 gloriam
1165 2436 1437 2496 maximis
1477 2437 1540 2494 in
1581 2455 1703 2496 rem
1745 2439 2036 2513 publicam
2075 2422 2294 2497 meritis

406 2533 1026 2612 praestantissimisque
1055 2534 1228 2593 rebus
1253 2536 1433 2619 gestis
1460 2545 1616 2593 esset
1641 2546 1987 2596 'consecutus
2016 2537 2295 2612 cuiusque

408 2651 523 2709 ego
534 2631 828 2708 dignitatis
847 2632 922 2690 ab
943 2631 1334 2691 adulescentia
1356 2632 1559 2704 fautor,
1578 2633 1638 2689 in
1657 2644 1927 2708 praetura
1942 2644 2137 2693 autem
2158 2644 2217 2693 et
2236 2635 2296 2692 in

409 2730 715 2790 consulatu
740 2729 967 2789 adiutor
993 2730 1165 2790 etiam
1193 2731 1561 2801 exstitissem,
1590 2749 1843 2807 cumque
1864 2731 2021 2790 idem
2050 2732 2297 2790 auctori-²

410 2841 525 2889 tate
542 2839 601 2888 et
621 2830 903 2888 sententia
925 2848 1029 2905 per
1045 2847 1126 2900 se,
1146 2828 1399 2888 consiliis
1416 2839 1473 2887 et
1494 2828 1695 2887 studiis
1712 2838 1922 2898 tecum,
1941 2847 2038 2888 me
2055 2829 2299 2888 adiuvis-x

413 2938 501 2986 set
521 2944 834 3002 meumque
862 2927 1162 2986 inimicum
1181 2943 1373 2985 unum
1402 2926 1462 2983 in
1483 2925 1705 2984 civitate
1726 2925 1962 2984 haberet
1982 2927 2300 2996 inimicum‚’

413 3044 536 3084 non
565 3025 759 3101 putavi
797 3025 1014 3082 famam
1054 3025 1474 3083 inconstantiae
1514 3022 1656 3081 mihi
1684 3024 2223 3099 pertimescendam,
2251 3024 2300 3082 si

415 3122 765 3200 quibusdam
803 3122 863 3179 in
901 3122 1198 3181 sententiis
1238 3121 1478 3198 paulum
1518 3138 1614 3179 me
1654 3121 2051 3180 immutassem
2081 3136 2301 3180 meam-³

416 3238 533 3295 que
572 3219 928 3278 voluntatem
968 3219 1043 3277 ad
1087 3219 1299 3277 summi
1340 3219 1442 3276 viri
1484 3218 1556 3276 de
1597 3236 1811 3294 meque
1843 3220 2071 3295 optime
2116 3217 2302 3277 meriti

419 3318 758 3393 dignitatem
785 3317 1212 3392 adgregass‘em.
1299 3335 1394 3375 12.
1438 3315 1513 3375 In
1550 3316 1661 3374 hac
1699 3317 1984 3375 sententia
2011 3315 2303 3392 compleo-³

420 3415 630 3495 tendus
666 3423 791 3473 erat
829 3413 971 3496 mibi
1005 3413 1238 3486 Caesar,
1260 3425 1330 3472 ut
1367 3413 1545 3485 vides,
1575 3414 1635 3471 in
1680 3410 1992 3473 coniuncta
2030 3422 2090 3474 et
2128 3426 2306 3472 causa
