2642 3925
419 263 538 326 108
971 273 1048 322 M.
1102 268 1345 322 TULLII
1386 266 1767 321 crem-oms
2068 251 2209 341 [Pars
2238 269 2308 318 11.

411 441 536 482 rem
581 416 777 482 redeo·
861 420 1148 484 Meditare
1189 419 1465 482 adversus
1512 418 1759 481 Brutum
1806 437 2045 480 causam
2092 418 2312 492 meam',

411 523 463 580 si
507 522 653 580 haee
700 538 878 580 causa
913 530 1022 592 est,
1065 530 1270 603 contra
1315 537 1495 596 quam
1542 519 1684 578 nihil
1731 518 1979 578 honeste
2028 517 2142 576 diei
2196 534 2311 592 po⁴

410 627 539 689 test,
566 617 905 694 praesertim
937 635 1074 676 cum
1106 618 1394 693 integram
1428 635 1553 676 rem
1588 624 1648 675 et
1684 631 1923 676 causam
1958 613 2308 692 reliquerim.

417 731 508 786 14.
549 713 796 791 Reliqua
843 724 979 773 sunt
1026 714 1363 774 domestica.
1446 712 1541 772 De
1595 715 1857 789 ἐνδομύχφ
1897 712 2088 788 probo
2128 710 2309 783 idem,

316 826 328 846 ·
409 811 571 888 quod
605 821 684 884 tu,
714 811 1047 871 Postumiae
1086 811 1221 882 filio,
1252 810 1531 889 quoniam
1568 809 1839 870 Pontidia
1874 818 2156 884 nugatum
2200 807 2311 867 sed

407 909 616 968 vellem
669 909 923 969 adesses·
1024 908 1085 967 A
1137 907 1365 980 Quinto
1420 906 1594 967 fratre
1646 905 1739 967 his
1796 906 2100 964 mensibus
2164 904 2309 964 nihil

407 1006 795 1083 exspectaris;
855 1023 997 1066 nam
1051 1005 1284 1064 Taurus
1339 1015 1578 1081 propter
1630 1005 1794 1064 nives
1848 1013 1984 1062 ante
2038 1019 2306 1061 mensem

407 1101 643 1162 Iunium
689 1102 917 1162 transiri
963 1119 1088 1161 non
1141 1111 1352 1179 potest.
1436 1102 1783 1173 Thermum,
1823 1109 1891 1161 ut
1937 1117 2131 1177 rogaS,
2182 1118 2306 1158 cre-

407 1201 673 1260 berrimis
713 1200 910 1259 litteris
949 1198 1144 1258 fulcio.
1227 1197 1292 1257 P.
1324 1199 1623 1258 Valerium
1664 1207 1843 1275 negat
1881 1197 2099 1257 habere
2142 1197 2305 1273 quic-

408 1314 588 1375 quam
634 1297 942 1356 Deiotarus
995 1313 1117 1367 rex,
1166 1314 1419 1372 eumque
1472 1297 1553 1355 ait
1606 1313 1671 1355 se
1727 1305 2066 1355 sustentare.
2152 1293 2309 1353 Cum

409 1395 577 1467 scies,
622 1394 853 1454 Romae
893 1393 1294 1453 intercalatum
1336 1394 1410 1452 sit
1449 1410 1655 1464 necne,
1697 1392 1868 1450 velim
1908 1391 1984 1450 ad
2024 1409 2120 1449 me
2164 1392 2305 1450 scri-

409 1493 515 1550 bas
556 1501 797 1562 certum,
834 1509 954 1568 quo
992 1490 1086 1550 die
1131 1491 1406 1568 mysteria
1446 1490 1636 1548 futura
1676 1489 1807 1548 sint.
1890 1485 2136 1548 Litteras
2176 1499 2308 1549 tuas

409 1589 602 1648 minus
647 1588 824 1664 paulo
871 1598 1173 1666 exspecto,
1221 1603 1402 1666 quam
1448 1586 1501 1647 si
1548 1586 1782 1646 Romae
1830 1603 2013 1658 esses,
2061 1585 2171 1646 sed
2218 1595 2309 1644 ta·

409 1703 548 1744 men
573 1696 868 1763 exspecto.

803 1865 898 1922 37.
981 1859 1098 1920 AD
1140 1857 1647 1920 FAMILIARES
1690 1857 1771 1922 11.
1810 1809 1913 1936 23.

557 1974 688 2037 Scn.
732 1974 1074 2036 LAomanE
1101 1992 1290 2035 MENSE
1332 1973 1501 2034 Maro
1530 1992 1786 2033 Μυκη·
1814 1992 1986 2035 mue.
2032 1988 2168 2049 704.

639 2100 702 2141 M.
742 2100 949 2142 menno
989 2098 1107 2141 ΜΡ.
1147 2099 1195 2141 s.
1235 2099 1294 2140 n.
1335 2100 1398 2140 n.
1440 2098 1651 2141 canno
1692 2098 1892 2140 amu
1931 2099 2064 2141 cun.

497 2214 548 2254 1.
590 2194 794 2253 RARAs
822 2204 950 2253 tuas
987 2193 1555 2270 quidem'—fortasse
1592 2195 1749 2253 enim
1780 2213 1907 2253 non
1945 2194 2308 2271 perferuntur

409 2327 508 2363 -‚
539 2292 642 2351 sed
681 2309 886 2351 suaves
924 2292 1148 2367 accipio
1189 2292 1422 2364 litteras,
1450 2294 1541 2351 vel
1579 2310 1725 2370 quas
1763 2294 2031 2370 proxime
2063 2312 2308 2370 accepe-

409 2409 553 2461 ram,
595 2408 773 2465 quam
815 2389 1162 2465 prudentes!
1213 2407 1392 2465 quam
1432 2391 1596 2449 multi
1636 2400 1695 2449 et
1732 2390 1908 2449 officii
1948 2401 2009 2450 et
2044 2392 2307 2452 consilii!

411 2489 518 2548 etsi
553 2488 756 2547 omnia
797 2488 881 2547 sic
918 2489 1331 2546 constitueram
1374 2490 1516 2547 mihi
1553 2489 1800 2565 agenda,
1828 2501 1893 2549 ut
1928 2500 1993 2549 tu
2026 2490 2307 2551 admone·

409 2590 535 2658 bas»,
585 2596 786 2645 tamen
831 2585 1249 2644 confirmantur
1295 2598 1500 2646 nostra
1545 2587 1802 2657 consilia,
1845 2606 1979 2647 cum
2029 2590 2310 2647 sentimus

411 2684 790 2763 prudentibus
818 2683 1175 2760 fideliterque
1202 2684 1575 2744 suadentibus
1612 2685 1770 2744 idem
1797 2686 1992 2746 videri.
2080 2706 2134 2745 2.
2174 2685 2311 2763 Ego

415 2786 818 2861 Appium—ut
854 2801 1030 2859 saepe
1068 2794 1264 2843 tecum
1299 2784 1527 2843 locutus
1562 2784 1941 2843 sum—valde
1974 2784 2154 2859 diligo
2187 2802 2312 2843 me-

414 2901 530 2958 que
584 2883 658 2939 ab
712 2899 787 2940 eo
843 2882 1003 2957 diligi
1058 2882 1252 2940 statim
1308 2893 1580 2958 coeptum
1636 2900 1783 2953 esse,
1837 2892 1904 2941 ut
1964 2883 2312 2942 simultatem

417 2968 810 3055 deposuimuS,
841 2980 1026 3050 sensi3
1071 2998 1210 3039 nam
1237 2990 1295 3038 et
1329 2980 1681 3040 honorificus
1723 2980 1784 3039 in
1825 2999 1921 3039 me
1965 2981 2170 3039 consul
2208 2980 2315 3039 fuit

417 3087 478 3136 et
517 3076 708 3137 suavis
750 3077 973 3136 amicus
1017 3088 1076 3137 et
1118 3079 1411 3137 studiosus
1450 3077 1771 3137 studiorum
1811 3080 1986 3137 etiam
2027 3096 2311 3137 meorum.

419 3174 562 3233 Mea
586 3190 724 3231 vero
753 3172 942 3233 officia
972 3176 1026 3233 ei
1053 3194 1177 3235 non
1205 3176 1457 3236 defuisse
1484 3186 1546 3235 tu
1576 3196 1640 3237 es
1670 3180 1846 3248 testis,
1878 3177 1970 3236 cui
2007 3176 2126 3233 iam
2159 3199 2312 3247 κωμι·

421 3273 507 3331 κὸς
541 3274 744 3347 μάρτυς,
775 3282 840 3330 ut
881 3273 1106 3346 opinor,
1137 3275 1361 3333 accedit
1400 3273 1641 3347 Phania,
1671 3290 1728 3334 et
1769 3274 2099 3332 mehercule
2138 3272 2315 3330 etiam

421 3370 600 3445 pluris
646 3386 782 3427 eum
832 3366 960 3437 feci,
1010 3370 1170 3444 quod
1217 3381 1276 3430 te
1324 3373 1505 3429 amari
1553 3373 1628 3431 ab
1673 3390 1745 3430 eo
1790 3372 1960 3429 sensi.
2045 3370 2173 3428 Iam
2216 3385 2315 3426 me

425 3465 690 3542 Pompeii
725 3476 915 3525 totum
953 3485 1082 3525 esse
1124 3470 1270 3541 scis3
1314 3469 1559 3527 Brutum
1596 3488 1633 3527 a
1668 3488 1762 3527 me
1800 3469 1979 3526 amari
2012 3466 2312 3543 intellegis.
