2642 3925
433 277 585 345 150·
917 313 925 320 .
964 273 1045 327 Μ.
1091 272 1336 323 rursu
1376 270 1770 323 osmonte·
1879 272 1887 278 ·
2049 256 2187 345 [rm
2220 276 2312 326 111.

428 424 647 489 idibus
666 424 724 488 'a
772 424 871 488 rue
924 426 1224 505 profectus
1276 438 1401 488 est:
1459 443 1534 487 eo
1587 427 1771 488 serius
1823 427 1900 489 ad
1946 438 2106 488 tuam
2156 429 2312 488 illam

426 527 750 604 epistolam,
806 526 900 584 cui
955 543 1071 600 ego
1124 525 1319 584 statim
1387 526 1810 600 rescripseram,
1865 525 2121 608 redditae
2176 536 2313 585 sunt

422 639 592 682 meae
619 624 857 681 litterae.
938 621 1033 680 De
1069 621 1352 686 Domitio,
1382 633 1447 681 ut
1485 623 1704 693 scribis,
1735 624 1813 681 ita
1839 623 2050 700 opinor
2074 642 2219 693 esse,
2248 632 2313 681 ut

425 729 484 778 et
524 720 585 778 in
626 718 869 779 Cosano
908 719 981 778 sit
1022 728 1082 778 et
1119 719 1428 778 consilium
1468 719 1594 778 eius
1635 720 1949 796 ignoretur.
2032 720 2151 780 Iste
2179 738 2310 779 om-

425 819 587 877 nium
615 818 980 893 turpissimus
1014 828 1073 876 et
1107 815 1555 887 sordidissimus,
1584 818 1686 893 qui
1719 817 2042 884 consularia
2074 819 2313 879 comitia

425 934 462 973 a
500 926 765 991 praetore
796 916 875 973 ait
917 914 1118 973 haberi
1168 931 1363 989 posse,
1390 924 1481 973 est
1520 914 1696 984 idem,
1725 916 1825 991 qui
1873 933 2105 991 semper
2145 917 2205 974 in
2248 931 2311 973 re

425 1010 659 1085 publica
686 1007 808 1066 fuit.
897 1006 1104 1083 1ta21ue
1143 1008 1415 1065 nimirum
1453 1008 1568 1067 hoc
1606 1008 1744 1067 illud
1772 1019 1877 1080 est,
1906 1011 2065 1085 quod
2094 1010 2311 1068 Caesar

426 1106 622 1165 scribit
650 1106 708 1163 in
729 1123 800 1164 ea
828 1105 1088 1181 epistola,
1120 1104 1289 1163 cuius
1325 1105 1660 1181 exemplum
1699 1105 1777 1164 ad
1812 1117 1870 1165 te
1896 1108 2045 1176 misi,
2075 1125 2138 1165 se
2165 1107 2309 1165 velle

424 1204 507 1261 uti
559 1207 577 1237 ⁴
594 1202 838 1262 consilio
853 1201 870 1226 '
941 1219 1116 1275 meo;
1182 1219 1310 1277 age,
1380 1212 1544 1261 esto:
1611 1202 1728 1262 hoc
1791 1220 2107 1263 commune
2164 1214 2266 1263 *est
2289 1222 2307 1275 ;

426 1304 442 1331 ⁸
464 1300 648 1376 gratia
666 1319 686 1371 ;
707 1298 721 1322 ⁹
764 1300 1026 1374 ineptum
1072 1298 1133 1357 id
1174 1300 1430 1375 quidem,
1460 1299 1580 1370 sed,
1609 1310 1771 1376 putu,
1801 1300 1918 1360 hoc
1962 1302 2192 1361 simulat
2231 1300 2308 1360 ad

424 1385 710 1473 quasdam
728 1406 1060 1456 senatorum
1089 1398 1435 1467 sententias;
1479 1402 1494 1427 ‘
1517 1397 1798 1474 dignitate
1819 1397 1860 1471 ς’
1902 1396 2145 1458 fortasse
2172 1417 2308 1457 sen·

426 1495 606 1552 tentia
641 1493 950 1552 consulari.
1032 1492 1184 1552 Illud
1219 1505 1544 1553 extremum
1585 1506 1691 1566 est,
1719 1502 1736 1527 ⁸
1754 1512 1870 1571 ope
1913 1497 2178 1555 omnium
2217 1514 2309 1554 re·

425 1607 555 1650 rum
575 1586 616 1659 ;'
657 1590 718 1649 id
756 1607 872 1666 ego
909 1589 1189 1666 suspicari
1217 1590 1388 1668 coepi
1415 1600 1540 1649 tum
1577 1609 1652 1649 ex
1692 1593 1803 1650 tuis
1842 1592 2041 1651 litteris
2068 1604 2167 1651 aut
2193 1592 2309 1651 hoc

426 1688 618 1763 ipsum
675 1706 804 1747 esse
854 1697 955 1746 aut
1000 1704 1126 1746 non
1166 1687 1353 1747 multo
1399 1706 1602 1748 secus:
1655 1707 1795 1748 nam
1843 1689 2146 1767 permagni
2188 1689 2310 1747 eins

426 1768 662 1849 interest
690 1803 814 1843 rem
844 1784 920 1842 ad
948 1784 1345 1859 interregnum
1370 1803 1493 1844 non
1520 1788 1751 1859 venire;
1794 1787 1853 1845 id
1881 1788 2232 1863 adsequitur,
2262 1786 2311 1843 si

425 1901 531 1959 per
575 1894 909 1959 praetorem
954 1881 1224 1940 consules
1272 1893 1555 1942 creantur.
1638 1884 1769 1944 Nos
1809 1894 2005 1943 autem
2049 1885 2111 1942 in
2151 1884 2308 1941 libris

426 1981 712 2041 habemus
743 1999 866 2041 non
894 1980 1077 2039 modo
1102 1980 1372 2039 consules
1399 1999 1435 2039 a
1460 1991 1743 2058 praetore,
1773 1984 1877 2042 sed
1906 2001 1982 2041 ne
2016 1992 2312 2058 praetores

427 2080 665 2155 quidem
722 2079 902 2138 creari
957 2078 1047 2136 ius
1091 2096 1240 2149 esse,
1286 2078 1465 2155 idque
1517 2079 1735 2139 factum
1779 2099 1909 2140 esse
1957 2098 2311 2156 numquam3

416 2175 696 2250 ‘consules
729 2193 803 2234 eo
833 2193 957 2233 non
985 2193 1114 2235 esse
1142 2177 1251 2248 ine,
1288 2175 1450 2253 qu'od
1476 2178 1664 2236 maius
1692 2178 1998 2254 imperium
2027 2195 2062 2235 a
2090 2179 2312 2236 minore

428 2273 618 2349 rogari
647 2291 770 2331 non
809 2273 884 2330 sit
924 2272 1031 2343 ius,
1060 2286 1357 2349 praetores
1396 2286 1606 2347 autem,
1638 2272 1774 2333 cu'm
1813 2276 1893 2334 ita
1927 2285 2221 2350 rogentur,
2249 2283 2315 2332 ut

431 2368 687 2445 collegae
745 2370 1082 2429 consulibus
1137 2371 1271 2436 sint,
1313 2390 1566 2448 quorum
1609 2383 1698 2431 est
1750 2373 1937 2431 maius
1986 2373 2307 2448 imperium.

432 2465 634 2525 Aberit
667 2485 790 2525 non
827 2466 1006 2542 longe
1048 2469 1192 2543 quin
1232 2470 1350 2528 hoc
1376 2488 1413 2528 a
1436 2488 1533 2529 me
1575 2470 1807 2529 decerni
1850 2469 1985 2529 velit
2023 2487 2214 2547 neque
2239 2470 2312 2531 sit

431 2573 741 2623 contentus
769 2562 977 2634 Galba,
1007 2564 1300 2637 Scaevola,
1333 2565 1556 2638 Cassio,
1586 2566 1848 2626 Antonio
1863 2582 1884 2624 ι

902 2667 905 2671 ’
943 2674 1061 2725 τότε
1093 2694 1173 2737 μοι
1205 2678 1349 2740 χάνοι
1383 2678 1538 2742 εὐρεῖα
1569 2677 1733 2742 χθάνί

428 2774 535 2834 sed
575 2784 796 2852 quanta
836 2785 1150 2851 tempestas
1195 2776 1550 2852 impendeat,
1589 2776 1770 2835 vides.
1852 2795 1911 2848 4.
1948 2774 2070 2848 Qui
2110 2777 2313 2835 transi-

429 2873 577 2931 erint
616 2883 929 2943 senatoreS‚
960 2874 1208 2931 scribam
1237 2872 1312 2930 ad
1341 2883 1416 2944 te,
1444 2888 1577 2931 cum
1620 2883 1839 2931 certum
1878 2873 2130 2932 habebo,
2221 2873 2311 2931 De

428 2987 490 3028 re
516 2968 888 3027 frumentaria
916 2983 1070 3028 recte
1106 2970 1407 3045 intellegiS,
1435 2987 1585 3045 quae
1628 2970 1788 3029 nullo
1819 2971 2000 3030 modo
2038 2972 2312 3030 adminis-

426 3066 562 3125 trari
600 3066 729 3124 sine
768 3067 1141 3142 vectigalibus
1181 3075 1395 3143 potest,
1426 3084 1535 3125 nec
1577 3067 1702 3126 sine
1744 3084 1920 3126 causa
1958 3077 2017 3126 et
2059 3085 2183 3138 eos,
2211 3067 2312 3144 qui

428 3164 646 3222 circum
674 3163 835 3222 illum
866 3174 1019 3234 sunt,
1049 3166 1248 3222 omnia
1285 3163 1645 3240 postulantes
1678 3174 1737 3223 et
1771 3164 1988 3223 bellum
2027 3166 2310 3224 nefarium

426 3261 610 3319 times.
689 3260 1040 3342 'Trebatium
1097 3273 1378 3334 nostrum,
1421 3262 1546 3333 etsi,
1590 3271 1655 3320 ut
1699 3263 1916 3334 scribis,
1963 3261 2105 3320 nihil
2162 3264 2310 3321 bene

429 3367 640 3435 sperat,
687 3369 885 3417 tamen
931 3359 1124 3418 videre
1174 3374 1315 3417 sane
1360 3359 1567 3430 velim:
1610 3376 1788 3436 quem
1829 3357 1923 3418 fac
1963 3359 2208 3418 horteris
2248 3368 2312 3418 ut

427 3460 732 3530 properet3
771 3466 1100 3531 opportune
1127 3457 1284 3539 enini
1313 3456 1390 3515 ad
1419 3473 1513 3515 me
1543 3467 1676 3516 ante
1704 3456 2015 3515 adventum
2043 3455 2311 3516 Caesaris
