2642 3925
487 271 520 316 2
529 269 613 334 34
843 297 851 305 .
1043 265 1119 314 Μ.
1171 265 1412 314 wau
1454 265 1658 314 clem
1666 265 1831 314 oms
1917 273 1923 278 ·
2127 252 2283 335 [Pars
2313 266 2381 326 v.

484 427 883 478 remanserunt
937 416 998 475 in
1063 417 1304 477 civitate.
1392 415 1625 475 Civibus
1678 415 1840 474 victis
1896 424 1960 474 ut
2027 425 2375 491 parceretur,

482 532 667 591 aeque
697 533 765 573 ac
795 532 902 592 pro
931 532 1062 572 mea
1099 514 1281 573 salute
1310 513 1579 572 laboravi.
1668 532 1723 588 3.
1763 507 2015 572 Possum
2052 513 2243 588 igitur,
2272 513 2377 589 qui

483 631 692 672 omnes
717 612 996 672 voluerim
1024 613 1365 682 incolumeS‚
1394 629 1546 681 eum,
1567 628 1604 670 a
1631 629 1751 687 quo
1777 610 1839 669 id
1867 611 2238 686 impetratum
2267 623 2375 680 est,

485 711 702 786 perisse
740 728 864 769 non
891 711 1222 786 indignari?
1264 727 1399 769 cum
1428 710 1764 785 praesertim
1803 707 1957 766 idem
1986 707 2257 768 homines
2294 709 2374 766 illi

483 817 544 868 et
586 809 832 867 invidiae
880 819 939 866 et
980 808 1157 867 exitio
1200 807 1427 867 fuerint.
1510 811 1527 837 ‘
1545 805 1819 865 Plecteris
1868 805 2045 880 ergo,'
2108 806 2378 881 inquiunt

484 912 500 938 ‘
519 907 798 982 quoniam
837 906 1060 965 factum.
1093 915 1359 964 nostrum
1400 905 1729 980 improbare
1772 901 1989 962 audes!
2072 902 2129 963 O
2172 922 2374 979 super-

483 1003 641 1062 biam
681 1003 1014 1074 inauditam,
1044 1003 1190 1061 alios
1227 1003 1288 1060 in
1323 1001 1579 1062 facinore
1613 1001 1863 1078 gloriari,
1892 1001 2017 1060 aliis
2057 1019 2133 1060 ne
2178 1001 2377 1062 dolere

485 1103 722 1179 quidem
769 1102 1049 1179 impunite
1105 1102 1312 1160 licere!
1378 1112 1439 1160 at
1491 1091 1637 1160 haec
1691 1099 1866 1158 etiam
1916 1100 2093 1158 servis
2143 1118 2378 1176 semper

481 1200 661 1260 libera
690 1201 934 1272 fuerunt,
962 1207 1028 1258 ut
1062 1200 1345 1270 timerent,
1372 1198 1711 1276 gauderent,
1740 1197 2000 1256 dolerent
2040 1216 2149 1256 suo
2176 1200 2377 1276 potius

483 1316 660 1374 quam
690 1298 918 1358 alterius
944 1299 1210 1370 arbitri03
1254 1316 1407 1374 quae
1435 1313 1607 1367 nunc,
1636 1311 1700 1353 ut
1726 1294 1965 1371 quidem
1991 1294 2086 1354 isti
2114 1295 2376 1355 dictitant

485 1395 758 1455 libertatis
785 1406 1067 1468 auctoreS,
1096 1405 1256 1455 metu
1285 1396 1457 1454 nobis
1487 1403 1828 1470 extorquere
1866 1403 2171 1452 conantur.
2256 1393 2375 1452 Sed

483 1493 622 1551 nihil
671 1504 866 1568 agunt.
950 1513 1004 1566 4.
1045 1493 1276 1556 Nullius
1321 1509 1603 1570 umquam
1652 1489 1889 1567 periculi
1937 1492 2249 1550 terroribus
2298 1493 2377 1550 ab

481 1590 674 1650 officio
731 1602 831 1650 aut
884 1592 960 1651 ab
1004 1593 1361 1651 humanitate
1414 1590 1774 1662 desciscam;
1838 1605 2158 1664 numquam
2214 1590 2376 1648 enim

481 1687 789 1747 honestam
833 1698 1081 1748 mortem
1129 1687 1485 1764 fugiendam,
1537 1704 1711 1762 saepe
1757 1686 1931 1744 etiam
1974 1687 2377 1762 oppetendam

481 1785 694 1862 putavi.
779 1785 899 1846 Sed
927 1786 1068 1862 quid
1096 1786 1235 1845 mihi
1263 1796 1628 1852 succensent,
1651 1785 1699 1844 si
1721 1784 1781 1843 id
1808 1794 1970 1860 opt0,
1993 1796 2055 1843 ut
2083 1787 2377 1860 paeniteat

483 1901 588 1944 eos
623 1884 710 1943 sui
739 1883 912 1943 sacti?
953 1884 1127 1960 cupio
1165 1884 1323 1942 enim
1352 1882 1617 1943 Caesaris
1655 1893 1903 1940 mortem
1931 1884 2207 1942 omnibus
2243 1901 2377 1942 esse

483 1984 765 2041 acerbam.
853 1987 868 2013 ‘
885 1983 965 2040 At
994 1983 1182 2042 debeo
1210 1999 1318 2059 pro
1362 1982 1509 2040 civili
1547 1992 1709 2057 parte
1750 2000 1873 2040 rem
1908 1982 2198 2059 publicam
2228 1982 2376 2042 velle

485 2077 739 2139 salvam!
799 2080 895 2139 -Id
923 2080 1159 2157 quidem
1198 2098 1295 2139 me
1338 2097 1567 2157 cupere,
1598 2079 1708 2138 nisi
1745 2090 1802 2138 et
1830 2090 1961 2138 ante
2004 2090 2134 2139 acta
2160 2082 2277 2139 vita
2314 2090 2379 2139 et

484 2178 703 2255 reliqua
728 2195 861 2235 mea
889 2195 1024 2253 spes
1061 2187 1287 2235 tacente
1326 2196 1420 2235 me
1448 2177 1674 2254 probat,
1705 2176 1954 2236 dicendo
1983 2178 2210 2237 vincere
2248 2196 2377 2237 non

486 2275 736 2351 postulo·
823 2288 875 2347 5.
919 2275 1054 2345 Qua
1080 2293 1142 2333 re
1181 2276 1462 2334 maiorem
1490 2275 1551 2333 in
1587 2275 1830 2333 modum
1868 2284 1926 2333 te
1962 2293 2125 2351 rog0,
2157 2287 2219 2334 ut
2247 2296 2375 2336 rem

484 2372 771 2449 potiorem
798 2372 1058 2429 oratione
1085 2372 1266 2431 ducas
1303 2372 1578 2448 mihique,
1607 2373 1656 2431 si
1694 2374 1871 2432 sentis
1908 2373 2179 2449 expedire
2215 2390 2377 2445 recte

483 2470 620 2541 fieri,
663 2467 866 2528 credas
919 2468 1135 2527 nullam
1190 2472 1667 2530 communionem
1722 2489 1857 2529 cum
1905 2472 2185 2548 improbis
2240 2491 2377 2533 esse

482 2585 674 2644 posse.
757 2567 873 2637 An,
904 2566 1066 2641 quod
1106 2565 1449 2626 adulescens
1491 2569 1765 2644 praestiti,
1792 2587 1930 2627 cum
1970 2570 2139 2629 etiam
2181 2590 2379 2633 errare

483 2682 616 2723 cum
674 2665 1047 2723 excusatione
1103 2681 1360 2741 possem,
1407 2664 1466 2724 id
1521 2684 1695 2737 nunc,
1739 2674 1926 2725 aetate
1979 2666 2379 2743 praecipitata,

448 2771 839 2831 commutem
885 2780 956 2820 ac
1005 2778 1101 2820 me
1148 2761 1274 2837 ipse
1329 2762 1631 2821 retexam?
1712 2761 1856 2821 Non
1903 2761 2129 2833 faciam,
2175 2783 2380 2842 neque

481 2858 648 2934 quod
694 2859 990 2935 displiceat
1039 2859 1417 2930 committam,
1459 2868 1863 2936 praeterquam
1905 2860 2067 2935 quod
2114 2860 2380 2926 hominis

481 2955 622 3014 mihi
687 2956 1144 3029 coniunctissimi
1198 2976 1266 3017 ac
1320 2958 1425 3016 viri
1479 2957 1819 3033 amplissimi
1888 2957 2062 3017 doleo
2131 2978 2381 3036 gravem

481 3070 702 3111 casum.
787 3051 965 3124 Quod
1003 3054 1051 3112 si
1093 3054 1255 3113 aliter
1281 3072 1470 3113 essem
1512 3055 1815 3126 animatus,
1846 3074 2173 3133 numquam,
2207 3063 2381 3135 quod

480 3149 730 3209 facerem
760 3169 1054 3227 negarem,
1084 3171 1159 3211 ne
1189 3164 1246 3211 et
1274 3153 1335 3211 in
1362 3151 1663 3229 peccando
1692 3153 1993 3229 improbus
2021 3164 2081 3213 et
2107 3156 2170 3213 in
2199 3158 2377 3220 dissi·

479 3245 759 3305 mulando
783 3248 1013 3305 timidus
1042 3267 1111 3308 ac
1131 3267 1312 3308 vanus
1341 3244 1712 3307 existimarer.
1785 3252 1846 3310 6.
1877 3251 1988 3309 ‘At
2007 3250 2196 3327 ludoS,
2216 3274 2379 3332 quos

481 3341 748 3401 Caesaris
777 3343 1044 3404 victoriae
1083 3344 1298 3405 Caesar
1336 3347 1675 3405 adulescens
1708 3346 1858 3414 fecit,
1888 3346 2115 3408 curavi!
2199 3354 2281 3412 At
2309 3356 2378 3416 id

479 3436 554 3493 ad
583 3437 865 3511 privatum
893 3440 1164 3511 officium,
1187 3459 1309 3501 non
1339 3443 1414 3501 ad
1442 3452 1656 3504 statum
1686 3446 1767 3503 rei
1787 3444 2052 3522 publicae
2082 3450 2334 3523 pertinet
2356 3475 2373 3525 3
