2642 3925
270 257 365 321 Ep.
401 242 535 328 γα]
669 255 896 306 EPIST.
939 254 1040 305 AD
1079 256 1527 307 FAMILIARES
1553 257 1645 309 ιι.
1695 244 1791 307 16.
2044 248 2167 331 165

270 416 416 465 nota
458 414 629 478 sunt;
673 405 736 465 in
774 406 866 466 his
907 406 1049 465 mihi
1085 425 1330 467 necesse
1371 416 1459 468 est
1497 426 1650 480 esse,
1678 427 1755 468 ne
1797 405 2001 469 amicis
2039 427 2165 469 mo-

270 503 455 563 lestus
509 505 640 563 sim.
723 503 906 577 Quod
971 515 1167 564 autem
1220 504 1282 564 in
1339 505 1641 566 maritimis
1695 505 1963 566 facillime
2019 525 2168 580 sum,

271 619 488 661 moveo
531 619 656 661 non
696 601 869 661 nullis
910 602 1297 679 suspitionem
1339 603 1484 661 velle
1524 621 1621 663 me
1661 604 1967 680 navigare3
2007 602 2169 680 quod

273 709 475 758 tamen
502 697 748 758 fortasse
775 716 898 758 non
927 699 1162 770 nollem,
1193 700 1244 759 si
1280 717 1521 777 possem
1554 699 1630 759 ad
1667 700 1886 759 otium:
1926 718 2067 759 nam
2093 699 2169 759 ad

273 795 493 854 bellum
522 796 758 871 quidem
787 796 887 873 qui
922 797 1238 856 convenit?
1280 797 1621 874 praesertim
1657 806 1860 857 contra
1891 815 2044 868 eum,
2074 798 2169 856 cui

275 911 452 971 spero
495 911 594 952 me
640 895 779 953 satis
823 894 1049 964 fecisse,
1098 895 1175 953 ab
1219 912 1312 966 eo,
1359 895 1454 954 cui
1495 895 1611 953 iam
1657 896 1797 955 satis
1841 895 1964 954 fieri
2008 895 2170 954 nullo

276 992 464 1050 modo
508 1001 718 1068 potest.
805 1011 859 1069 3.
903 991 1134 1051 Deinde
1175 992 1523 1051 sententiam
1562 1010 1757 1051 meam
1798 1002 1862 1052 tu
1901 992 2169 1053 facillime

278 1090 611 1166 perspicere
638 1090 876 1166 potuisti
905 1091 1021 1149 iam
1048 1091 1125 1148 ab
1150 1089 1251 1149 illo
1278 1099 1562 1167 tempore,
1584 1108 1721 1149 cum
1748 1090 1809 1149 in
1837 1089 2169 1151 Cumanum

278 1188 422 1246 mihi
471 1188 702 1246 obviam
744 1188 982 1247 venisti:
1027 1205 1152 1245 non
1199 1187 1358 1246 enim
1402 1196 1459 1247 te
1508 1186 1688 1246 celavi
1735 1207 2067 1247 sermonem
2092 1184 2170 1248 T.

280 1284 515 1362 Ampii;
563 1284 767 1358 vidisti,
814 1303 994 1362 quam
1044 1285 1418 1344 abhorrerem
1467 1286 1544 1343 ab
1583 1286 1727 1344 urbe
1774 1286 2171 1363 relinquenda,

283 1401 418 1442 cum
448 1383 763 1441 audissem.
847 1381 1065 1442 Nonne
1093 1382 1199 1441 tibi
1236 1382 1535 1441 adfirmavi
1576 1382 1804 1459 quidvis
1841 1401 1938 1441 me
1977 1382 2172 1460 potius

284 1497 695 1557 perpessurum
736 1497 913 1557 quam
952 1499 1026 1539 ex
1055 1479 1223 1539 Italia
1262 1478 1344 1538 ad
1381 1479 1599 1539 bellum
1641 1479 1803 1539 civile
1842 1480 2173 1563 exiturum?

286 1577 448 1651 Quid
477 1594 619 1654 ergo
647 1577 874 1649 accidit,
904 1596 1006 1637 cur
1035 1577 1342 1637 consilium
1376 1578 1705 1636 mutarem?
1746 1594 1946 1636 nonne
1975 1578 2176 1636 omnia

285 1676 498 1753 potius,
540 1683 604 1733 ut
644 1675 707 1733 in
748 1675 1035 1735 sententia
1074 1675 1525 1751 permanerem?
1608 1674 1828 1734 Credas
1867 1676 1984 1735 hoc
2031 1677 2174 1735 mihi

286 1776 475 1846 velim,
514 1775 676 1851 quod
716 1785 861 1851 puto
900 1784 958 1833 te
999 1773 1347 1845 existimare,
1374 1791 1472 1832 me
1513 1791 1588 1832 ex
1621 1772 1712 1832 his
1750 1774 1994 1833 miseriis
2035 1775 2175 1833 nihil

289 1872 443 1933 aliud
477 1889 754 1949 quaerere
790 1871 902 1931 nisi
939 1881 1005 1929 ut
1043 1870 1310 1930 homines
1352 1870 1664 1947 aliquando
1703 1870 2040 1947 intellegant
2078 1891 2175 1931 me

288 1972 435 2032 nihil
480 1971 754 2030 maluisse
798 1987 977 2046 quam
1018 1986 1244 2046 pacem,
1284 1986 1356 2027 ea
1395 1968 1699 2045 desperata
1739 1967 1882 2027 nihil
1921 1979 2044 2028 tam
2085 1971 2172 2031 fu-

288 2072 446 2147 gisse
473 2087 652 2146 quam
681 2085 843 2126 arma
880 2067 1099 2127 civilia:
1149 2066 1316 2125 huius
1351 2084 1449 2125 me
1487 2066 1846 2125 constantiae
1880 2078 2025 2144 puto
2052 2068 2177 2130 fore

290 2177 354 2228 ut
394 2183 720 2242 numquam
760 2164 1070 2241 paeniteat.
1150 2162 1385 2222 Etenim
1426 2163 1665 2222 memini
1705 2164 1767 2223 in
1810 2164 1922 2224 hoc
1963 2185 2177 2242 genere

290 2265 522 2343 gloriari
556 2263 788 2324 solitum
823 2279 951 2320 esse
990 2260 1328 2319 familiarem
1365 2271 1632 2319 nostrum
1670 2259 1748 2335 Q.
1777 2261 2177 2336 Hortensium,

290 2362 455 2442 quod
495 2378 820 2437 numquam
859 2358 1014 2419 bello
1056 2359 1204 2418 civili
1242 2358 1628 2419 interfuisset:
1669 2361 1786 2420 hoc
1822 2373 2021 2421 nostra
2052 2363 2179 2422 laus

290 2464 396 2522 erit
430 2460 714 2529 illustrior,
745 2457 909 2535 quod
944 2457 1023 2515 illi
1064 2457 1420 2516 tribuebatur
1457 2457 1758 2532 ignaviae;
1804 2459 1876 2518 de
1909 2461 2081 2520 nobis
2119 2461 2179 2520 id
2248 2480 2260 2491 ·

291 2559 604 2620 existimari
643 2574 820 2634 posse
860 2574 982 2614 non
1024 2555 1282 2613 arbitror.
1370 2574 1423 2627 4.
1467 2554 1526 2613 N
1529 2574 1596 2614 ec
1638 2573 1735 2615 me
1783 2557 1894 2616 ista
1943 2568 2176 2628 terrent,

293 2676 445 2736 quae
483 2655 623 2714 mihi
662 2674 698 2713 a
739 2664 796 2713 te
837 2654 913 2713 ad
953 2653 1222 2711 timorem
1250 2652 1529 2712 fidissime
1570 2662 1743 2729 atque
1785 2655 2179 2713 amantissime

292 2763 732 2834 proponuntur5
774 2752 932 2811 nulla
969 2759 1055 2809 est
1096 2750 1255 2808 enim
1290 2751 1591 2820 acerbitaS,
1633 2767 1785 2826 quae
1824 2767 1949 2809 non
1988 2752 2179 2809 omni-

292 2856 404 2913 bus
430 2852 541 2910 hac
570 2850 730 2909 orbis
769 2858 1046 2907 terrarum
1079 2847 1512 2924 perturbatione
1540 2846 1879 2922 impendere
1906 2847 2177 2919 videatur,

294 2969 472 3029 quam
500 2948 738 3025 quidem
767 2964 883 3022 ego
910 2964 946 3003 a
971 2964 1034 3003 re
1060 2945 1291 3022 publica
1319 2945 1467 3002 meis
1495 2943 1729 3020 privatis
1763 2953 1821 3002 et
1848 2943 2180 3004 domesticis

294 3046 689 3108 incommodis
715 3043 1091 3103 libentissime
1119 3041 1208 3101 vel
1235 3043 1363 3099 istis
1391 3041 1549 3118 ipsiS,
1579 3059 1729 3117 quae
1757 3050 1822 3100 tu
1847 3059 1944 3101 me
1971 3060 2184 3101 mones

296 3157 363 3207 ut
402 3162 656 3214 caveam,
686 3142 1082 3201 redemissem.
1166 3154 1220 3214 5.
1265 3139 1413 3198 Filio
1450 3157 1604 3210 meo,
1633 3157 1809 3216 quern
1850 3140 1951 3198 tibi
1984 3158 2182 3198 earum

297 3263 426 3305 esse
463 3241 714 3320 gaudeo,
743 3239 792 3298 si
832 3240 938 3298 erit
973 3237 1091 3296 ulla
1128 3255 1219 3295 res
1257 3237 1506 3313 publica,
1536 3237 1676 3295 satis
1712 3235 1970 3312 amplum
2008 3237 2182 3313 patri—

296 3341 565 3399 monium
612 3338 935 3414 relinquam
983 3335 1328 3394 memoriam
1375 3334 1632 3393 nominis
1683 3334 1833 3404 mei;
1892 3333 1943 3392 si
1991 3343 2183 3392 autem

299 3438 457 3498 nulla
511 3436 635 3509 erit,
683 3433 826 3493 nihil
873 3433 1095 3493 accidet
1141 3432 1195 3491 ei
1244 3434 1551 3512 separatim
1592 3450 1628 3491 a
1672 3430 1905 3510 reliquis
1949 3431 2181 3492 civibus·

418 3517 429 3543 Ι
