2642 3925
451 258 476 307 1
490 239 574 306 68
829 210 835 215 ’
989 250 1069 301 Μ.
1118 251 1363 300 TULLII
1405 251 1611 300 oze-ER
1620 250 1820 299 oms·-
2071 236 2206 322 [Pars
2238 251 2325 298 111.

441 404 514 464 de
557 412 681 463 tota
729 400 1103 462 contentione
1151 400 1212 459 in
1257 400 1579 479 Hispaniis,
1626 401 1738 461 nisi
1786 400 1932 460 forte
1983 400 2052 460 iis
2101 400 2327 460 amissis

443 521 604 561 arma
632 501 976 576 Pompeium
1005 500 1365 558 abiecturum
1393 510 1579 577 putaS,
1609 500 1773 559 cuius
1808 518 1985 557 omne
2022 499 2327 557 consilium

441 598 941 659 Themistocleum
999 608 1118 669 est;
1181 598 1471 657 existimat
1536 598 1710 668 enim,
1768 597 1866 674 qui
1921 614 2083 655 mare
2138 607 2329 655 teneat

439 716 576 757 eum
606 714 846 755 necesse
873 715 983 754 esse
1009 714 1199 755 rerum
1229 695 1417 772 potiri.
1501 694 1705 772 Itaque
1734 713 2055 771 numquam
2092 694 2153 753 id
2189 696 2325 771 egit,

439 804 504 854 ut
559 792 884 870 Hispaniae
939 811 1046 870 per
1098 812 1162 853 se
1211 802 1580 864 tenerentur;
1639 792 1859 851 navalis
1907 803 2218 869 apparatus
2274 793 2327 851 ei

440 911 672 969 semper
698 891 1103 967 antiquissima
1130 909 1268 950 cura
1296 889 1419 948 fuit.
1503 890 1814 965 Navigabit
1840 891 2030 966 igitur,
2060 909 2195 950 cum
2223 892 2326 949 erit

357 1058 361 1063 ,
437 1000 686 1065 tempuS‚
715 989 986 1046 maximis
1025 988 1304 1047 classibus
1349 997 1409 1047 et
1445 987 1519 1046 ad
1549 987 1777 1046 Italiam
1822 988 2074 1059 accedet,
2110 990 2172 1047 in
2209 1006 2346 1065 qua.

438 1105 549 1146 nos
594 1086 865 1146 sedentes
906 1086 1049 1161 quid
1091 1086 1347 1145 erimus?
1402 1103 1540 1143 nam
1587 1086 1817 1145 medios
1862 1103 1991 1145 esse
2039 1087 2154 1144 iarn
2203 1105 2326 1144 non

437 1184 649 1243 licebit.
752 1180 1103 1263 [Classibus]
1164 1183 1596 1242 adversabimur
1649 1184 1865 1260 igitur?
1923 1184 2086 1260 quod
2139 1185 2328 1243 maius

438 1281 629 1341 scelus
681 1281 773 1339 vel
827 1289 1054 1339 tantum
1111 1281 1402 1357 denique?
1468 1281 1609 1357 quid
1663 1282 1930 1357 turpius?
2011 1283 2109 1340 An
2164 1281 2322 1358 qui†

436 1380 605 1439 valde
631 1378 753 1437 ·hic
806 1379 868 1437 in
925 1380 1196 1437 absentes
1252 1378 1411 1438 solus
1464 1379 1564 1437 tuli
1622 1378 1828 1449 scelus,
1878 1380 2142 1439 eiusdem
2190 1397 2323 1437 cum

437 1476 724 1554 Pompeio
780 1484 839 1534 et
892 1493 1026 1534 cum
1082 1476 1313 1553 reliquis
1368 1477 1725 1553 principibus
1780 1473 1903 1535 non
1957 1476 2185 1535 feram?
2270 1491 2321 1550 5.

439 1573 621 1647 Quod
659 1574 707 1634 si
741 1573 859 1632 iam
892 1575 1075 1633 misso
1117 1573 1310 1634 officio
1348 1574 1585 1651 periculi
1621 1575 1768 1634 ratio
1807 1574 2079 1634 habenda
2116 1585 2219 1644 est,
2248 1576 2322 1632 ab

436 1672 546 1732 illis
575 1682 663 1731 est
692 1670 1029 1747 periculum,
1060 1671 1109 1730 si
1150 1689 1416 1748 peccar0,
1446 1672 1523 1730 ab
1549 1672 1682 1743 hoc,
1712 1673 1760 1732 si
1793 1683 1948 1732 recte
1975 1672 2184 1742 fecem,
2214 1690 2321 1731 nec

327 1782 331 1785 ’
435 1770 616 1829 ullum
663 1769 724 1828 in
768 1768 860 1828 his
909 1768 1078 1828 malis
1127 1769 1433 1828 consilium
1483 1770 1740 1845 periculo
1787 1789 2035 1829 vacuum
2084 1771 2322 1827 inveniri

439 1877 647 1945 potest,
675 1876 742 1926 ut
769 1885 893 1940 non
921 1867 993 1926 sit
1023 1866 1262 1926 dubium
1290 1868 1432 1944 quin
1465 1864 1730 1948 [turpiter
1758 1863 1988 1946 facere]
2006 1886 2142 1926 cum
2174 1869 2322 1943 peri-

441 1965 572 2026 culo
604 1965 914 2042 fugiamuS,
943 1965 1104 2042 quod
1143 1965 1474 2041 sugeremus
1511 1966 1684 2024 etiam
1726 1984 1860 2024 cum
1901 1965 2098 2024 salute.
2182 1965 2324 2025 Non

439 2065 610 2125 simul
645 2083 779 2123 cum
818 2064 1104 2138 Pompeio
1141 2082 1304 2122 mare
1343 2064 1687 2122 transiimuS.
1770 2062 2032 2123 Omnino
2068 2083 2176 2121 non
2216 2082 2321 2140 po-

435 2162 688 2220 tuimus:
761 2169 949 2220 exstat
1016 2159 1164 2218 ratio
1233 2160 1474 2219 dierum.
1578 2159 1695 2219 Sed
1763 2160 2323 2219 tamen—fateamur

435 2258 594 2319 enim
637 2258 797 2335 quod
840 2266 1085 2316 est-ne
1129 2257 1539 2316 contendimus
1586 2257 1842 2334 quidem,
1890 2267 1953 2316 ut
1997 2276 2319 2334 possemus·

434 2355 658 2415 Fefellit
700 2373 771 2415 ea
806 2373 905 2414 me
941 2373 1052 2426 res,
1083 2373 1235 2431 quae
1274 2354 1520 2414 fortasse
1557 2373 1679 2413 non
1712 2356 1925 2426 debuit,
1956 2356 2061 2415 sed
2088 2355 2318 2416 fefellit:

433 2471 646 2530 pacem
684 2452 880 2529 putavi
919 2451 1061 2524 fore,
1100 2470 1252 2529 quae
1285 2453 1334 2512 si
1374 2462 1542 2522 esset,
1582 2453 1789 2511 iratum
1831 2453 1972 2510 mihi
2010 2453 2319 2513 Caesarem

435 2569 580 2622 esse,
616 2568 752 2609 cum
789 2549 943 2607 idem
983 2549 1207 2608 amicus
1251 2562 1404 2609 esset
1440 2549 1749 2626 Pompeio,
1790 2550 1983 2622 nolui3
2026 2569 2318 2611 senseram

433 2649 610 2719 enim,
632 2666 809 2725 quam
838 2647 1012 2706 iidem
1042 2657 1252 2707 essent.
1336 2648 1475 2707 Hoc
1505 2666 1707 2707 verens
1735 2648 1796 2705 in
1817 2648 1967 2707 hanc
1995 2650 2317 2708 tarditatem

431 2747 624 2807 incidi.
728 2745 844 2805 Sed
901 2763 1180 2822 assequor
1234 2747 1451 2819 omnia,
1510 2748 1558 2806 si
1613 2764 1901 2823 propero;
1959 2747 2008 2805 si
2062 2757 2318 2818 cunctor,

431 2846 652 2904 amitto.
741 2845 793 2902 6.
835 2843 912 2902 Et
941 2853 1156 2915 tamen,
1180 2845 1259 2901 mi
1282 2844 1494 2915 Attice,
1520 2846 1760 2920 auguria
1788 2861 2024 2921 quoque
2051 2863 2147 2903 me
2177 2846 2318 2904 inci-

432 2952 559 3002 tant
595 2934 850 3019 quadam
890 2959 994 3017 spe
1033 2960 1153 3000 non
1193 2942 1382 3012 dubia,
1413 2960 1537 2999 non
1577 2942 1722 3000 haec
1761 2942 1988 3017 collegii
2025 2944 2209 3002 nostri
2245 2944 2319 3001 ab

432 3041 593 3109 Atto,
643 3038 748 3097 sed
796 3038 892 3096 illa
939 3038 1198 3096 Platonis
1255 3038 1331 3096 de
1378 3039 1669 3114 tyrannis:
1720 3039 1880 3097 nullo
1929 3041 2084 3097 enim
2139 3042 2318 3100 modo

432 3155 610 3214 posse
653 3135 822 3194 video
864 3145 1012 3193 stare
1053 3135 1228 3193 istum
1273 3135 1499 3206 diutius,
1544 3136 1686 3210 quin
1728 3136 1853 3210 ipse
1895 3154 2001 3211 per
2041 3155 2104 3196 se
2147 3139 2317 3195 etiam

434 3233 842 3309 languentibus
870 3232 1041 3289 nobis
1078 3232 1371 3304 concidat,
1400 3233 1617 3310 quippe
1644 3233 1744 3308 qui
1773 3232 2213 3292 florentissimus
2250 3252 2318 3292 ac

436 3348 624 3388 novus
652 3347 725 3386 vr.
757 3346 856 3386 vn.
889 3329 1093 3387 diebus
1120 3329 1231 3406 ipsi
1260 3329 1339 3389 illi
1367 3331 1561 3406 egenti
1590 3348 1658 3389 ac
1686 3331 1942 3407 perditae
1972 3330 2319 3390 multitudini

436 3426 501 3487 in
528 3425 728 3485 odium
755 3425 1191 3486 acerbissimum
1212 3428 1446 3501 venerit,
1470 3429 1569 3506 qui
1598 3428 1844 3488 duarum
1868 3446 2060 3487 rerum
2089 3428 2320 3487 simula-
