2642 3925
436 250 514 296 ιο
976 248 1055 299 Μ.
1102 248 1342 299 rumolt
1383 250 1760 301 cremorem
1905 224 1914 229 ’
2049 288 2052 293 .
2101 234 2238 321 [Pars
2268 249 2312 298 1.

427 402 567 461 mihi
610 401 939 463 Canusinus
978 414 1112 464 tuus
1153 394 1370 481 hospes
1411 405 1678 476 reddidit,
1721 388 1968 476 tertiam,
2003 422 2199 480 quam,
2245 412 2314 463 ut

428 501 645 571 scribis„
690 519 905 562 ancora
946 502 1134 561 soluta
1176 503 1251 562 de
1292 503 1536 579 phaselo
1586 502 1830 574 dedisti;
1879 520 2032 581 quae
2078 501 2313 560 fuerunt

429 616 653 669 omneS,
696 605 765 657 ut
803 600 1098 658 rhetorum
1152 602 1315 676 pueri
1368 601 1696 677 loquuntur,
1743 618 1882 661 cum
1935 599 2312 661 humanitatis

428 712 665 773 sparsae
701 697 836 768 sale,
865 707 989 756 tum
1024 697 1285 775 insignes
1320 698 1536 757 amoris
1571 696 1761 757 notist
1803 698 2016 773 quibus
2052 696 2312 774 epistolis

428 810 561 853 sum
614 795 888 871 equidem
943 796 1049 855 abs
1104 805 1162 854 te
1216 796 1520 857 lacessitus
1576 795 1652 854 ad
1706 794 2158 865 rescribendum,
2207 795 2315 854 sed

429 893 645 953 idcirco
669 912 798 952 sum
816 893 1051 963 tardior,
1070 893 1231 970 quod
1256 911 1381 953 non
1408 894 1640 952 invenio
1664 892 1895 952 fidelem
1921 892 2314 963 tabellarium3

430 1001 642 1067 quotus
678 992 836 1049 enim
872 992 1119 1068 quisque
1154 1001 1259 1062 est,
1291 991 1392 1069 qui
1429 990 1734 1068 epistolam
1779 991 1956 1067 paulo
1992 990 2316 1067 graviorem

124 1087 162 1154 ζ’
432 1090 578 1149 ferre
630 1090 831 1166 possit,
878 1089 988 1149 nisi
1042 1108 1176 1149 eam
1217 1090 1564 1166 pellectione
1607 1089 1906 1149 relevarit?
1952 1088 2177 1148 accedit
2224 1106 2317 1158 eo,

432 1188 593 1264 quod
623 1186 765 1246 mihi
799 1185 978 1260 nont,
1005 1196 1073 1246 ut
1098 1187 1346 1265 quisque
1379 1188 1440 1247 in
1475 1187 1718 1265 Epirum
1745 1187 2161 1265 proficiscitur:
2203 1203 2319 1263 ego

274 1333 324 1365 Ι,
337 1324 355 1334 «
374 1314 388 1323 ·
403 1287 698 1344 ”eninr-te
723 1278 1008 1345 'arb‘it'ror‘'
1031 1286 1217 1345 caesis
1258 1285 1418 1362 apud
1457 1286 1830 1345 Amaltheam
1870 1296 2029 1344 tuam
2069 1284 2318 1345 victimis

72 1410 117 1439 s..
433 1384 627 1443 statim
652 1402 781 1442 esse
808 1382 885 1443 ad
914 1382 1227 1459 Sicyonem
1247 1382 1711 1460 oppugnandum
1733 1382 2093 1460 profectum3
2123 1400 2316 1463 neque

432 1490 630 1539 tamen
667 1480 726 1539 id
758 1482 951 1557 ipsum
978 1492 1201 1539 certum
1227 1481 1438 1553 habeo,
1462 1480 1700 1559 quando
1729 1482 1804 1541 ad
1832 1482 2156 1540 Antonium
2182 1498 2317 1558 pro-

434 1579 691 1637 ficiscare
736 1588 835 1637 aut
883 1578 1024 1656 quid
1068 1580 1130 1637 in
1177 1578 1362 1655 Epiro
1409 1580 1689 1655 temporis
1734 1597 1961 1656 ponas:
2009 1579 2088 1638 ita
2127 1596 2318 1655 neque

434 1676 703 1735 Achaicis
769 1676 1098 1735 hominibus
1164 1694 1357 1753 neque
1421 1675 1732 1753 Epiroticis
1795 1676 1972 1753 paulo
2025 1676 2318 1736 liberiores

433 1775 647 1834 litteras
668 1774 1029 1834 committere
1052 1774 1260 1834 audeo.
1284 1750 1399 1834 ,2.
1442 1775 1590 1835 Sunt
1617 1785 1810 1834 autem
1837 1785 1972 1851 post
1993 1774 2315 1834 discessum

436 1891 473 1931 a
510 1890 605 1932 me
644 1881 809 1931 tuum
848 1890 943 1931 res
984 1872 1197 1949 dig-nae
1234 1872 1434 1932 litteris
1475 1874 1706 1941 nostriS,
1749 1872 1854 1932 sed
1891 1890 2015 1932 non
2052 1873 2318 1932 commit-

434 1973 645 2032 tendae
681 1973 808 2030 eius
844 1972 1005 2031 modi
1043 1973 1318 2049 periculo,
1347 1983 1413 2031 ut
1449 1982 1548 2031 aut
1583 1973 1810 2032 interire
1844 1982 1942 2031 aut
1980 1969 2187 2048 aperiri
2222 1982 2322 2031 aut

440 2071 701 2147 intercipi
741 2071 986 2146 possint.
1069 2070 1331 2129 Primum
1370 2071 1542 2146 igitur
1581 2071 1724 2129 scito
1765 2071 2019 2146 primum
2059 2087 2156 2128 me
2195 2088 2321 2128 non

436 2187 567 2229 esse
631 2177 899 2243 rogatum
963 2167 1311 2226 sententiam
1379 2168 1891 2244 praepositumque
1957 2186 2085 2226 esse
2148 2168 2321 2226 nobis

435 2265 863 2345 pacificatorem
910 2264 1315 2340 Allobrogum,
1365 2265 1542 2342 idque
1596 2265 2065 2324 admurmurante
2119 2275 2324 2324 senatu

345 2387 380 2425 .·
436 2381 628 2440 neque
653 2381 750 2421 me
778 2362 954 2420 invito
982 2381 1110 2421 esse
1124 2362 1392 2435 .factum;
1430 2381 1562 2421 sum
1588 2364 1746 2421 enim
1774 2372 1832 2421 et
1849 2364 1932 2458 gl.)
1959 2362 2324 2422 observando

437 2460 675 2521 homine
728 2476 999 2537 perverso
1046 2460 1207 2540 Q
1257 2470 1315 2519 et
1364 2461 1438 2520 ad
1489 2461 1828 2536 dignitatem
1875 2460 1938 2518 in
1985 2479 2046 2519 re
2091 2461 2328 2538 publica

437 2559 799 2620 retinendam
820 2567 1024 2617 contra
1042 2558 1194 2617 illius
1210 2558 1564 2617 voluntatem
1586 2558 1823 2628 solutuS‚
1843 2567 1902 2616 et
1916 2558 2011 2618 ille
2033 2558 2326 2618 secundus

436 2659 502 2719 in
546 2655 797 2718 dicendo
842 2656 1007 2715 locus
1050 2654 1227 2715 habet
1267 2656 1669 2715 auctoritatem
1712 2673 1902 2732 paene
1945 2656 2220 2732 principis
2266 2666 2327 2716 et

438 2755 793 2816 voluntatem
868 2773 992 2813 non
1067 2755 1240 2814 nimis
1309 2754 1637 2813 devinctam
1702 2755 1987 2813 beneficio
2056 2754 2327 2813 consulis.

440 2853 676 2914 Tertius
740 2847 832 2912 'est
898 2851 1159 2923 Catulus,
1222 2862 1480 2928 quartuS,
1541 2851 1592 2909 si
1659 2851 1852 2911 etiam'
1901 2851 2016 2910 hoc
2079 2852 2328 2928 quaeris,

442 2951 811 3012 Hortensius
894 2949 1117 3010 Consul
1156 2961 1351 3008 autem
1394 2950 1519 3025 ipse
1560 2966 1740 3024 parvo
1781 2949 1978 3008 animo
2027 2958 2086 3008 et
2127 2966 2327 3026 pravo,

441 3060 664 3110 tantum
712 3048 1000 3109 cavillator
1046 3059 1267 3124 genere
1308 3047 1405 3105 illo
1453 3062 1712 3117 moroso,
1763 3046 1925 3122 quod
1972 3047 2146 3105 etiam
2201 3047 2328 3106 sine

442 3147 743 3208 dicacitate
768 3146 999 3212 ridetur,
1020 3144 1167 3204 facie
1185 3145 1383 3220 magis
1411 3161 1589 3220 quam
1617 3143 1837 3203 facetiis
1869 3143 2156 3216 ridiculuS,
2186 3144 2331 3204 nihil

440 3264 625 3323 agens
666 3263 802 3305 cum
843 3261 907 3302 re
947 3244 1193 3320 publica,
1234 3243 1531 3301 seiunctus
1580 3243 1657 3300 ab
1698 3243 2088 3319 optimatibuS,
2129 3258 2168 3301 a
2205 3259 2327 3320 quo

438 3344 582 3402 nihil
609 3361 808 3421 speres
834 3343 973 3401 boni
1000 3343 1083 3400 rei
1109 3341 1393 3418 publicae,
1423 3341 1560 3417 quia
1587 3356 1711 3398 non
1739 3341 1873 3412 volt,
1903 3341 2044 3399 nihil
2073 3336 2326 3423 [speres]

438 3441 596 3514 mali,
624 3441 761 3518 quia
795 3458 918 3500 non
953 3440 1145 3500 audet.
1228 3438 1372 3498 Eius
1408 3449 1604 3527 autem
1641 3437 1868 3515 collega
1898 3448 1956 3498 et
1981 3438 2042 3497 in
2071 3457 2166 3497 me
2192 3456 2326 3516 per·

1136 3609 1153 3645 ἱ

1099 3666 1162 3716 l!
