2642 3925
467 287 627 338 202·
863 310 870 315 -
978 281 1055 337 M.
1108 279 1353 335 TULLH
1397 277 1599 335 emme
1610 286 1774 334 oms
2096 273 2239 356 [Pars
2268 269 2352 335 1v.'

464 441 784 517 prudentia,
824 441 1033 518 quibus
1070 442 1245 500 rebus
1285 442 1553 518 gaudeat,
1583 439 1794 519 quibus
1829 442 2087 519 capiatur
2120 439 2355 511 Caesar,

465 549 669 612 tenes;
712 557 749 597 a
793 547 852 598 te
900 539 1100 598 omnia
1147 540 1590 616 proficiscantur
1638 554 1696 599 et
1743 559 1848 617 per
1894 552 1950 599 tc
2007 540 2084 599 ad
2137 540 2356 599 exitum

465 637 852 714 perducantur
884 653 1125 696 necesse
1164 645 1290 710 θεὶς
1333 639 1490 714 apud
1528 639 1721 724 ipsum
1757 633 2021 708 multum,
2047 637 2206 714 apud
2235 638 2358 697 eius

465 747 676 794 omnes
703 735 1016 811 plurimum
1045 746 1231 811 potes».
1316 733 1370 794 6.
1401 734 1605 794 Unum
1634 737 1738 794 tibi
1766 737 1812 794 si
1842 735 2212 811 persuaseriS‚
2234 749 2360 794 non

466 832 581 890 hoc
624 847 754 891 esse
795 833 877 890 tui
917 832 1193 903 muneriS,
1229 831 1278 891 si
1315 832 1456 908 quid
1496 843 1734 909 rogatus
1772 832 1964 903 merie,
1998 841 2061 891 ut
2098 832 2360 892 facias*-

467 943 822 1007 quamquam
850 929 910 987 id
938 945 1220 1006 magnum
1249 939 1307 988 et
1336 930 1596 1007 amplum
1623 941 1808 1001 est--,
1839 930 1943 989 sed
1970 940 2159 989 totum
2194 942 2359 990 tuum

467 1041 597 1087 csse
632 1040 800 1099 onus»,
830 1028 1127 1104 perficies&
1170 1029 1281 1086 nisi
1319 1027 1467 1088 forte
1506 1033 1606 1087 aut
1639 1029 1701 1086 in
1729 1028 1961 1089 miseria
1987 1029 2160 1088 nimis
2188 1025 2360 1089 stulte

468 1137 568 1185 aut
594 1127 655 1184 in
683 1126 934 1184 amicitia
961 1126 1132 1185 nimis
1159 1126 1530 1203 impudenter
1564 1127 1667 1185 tibi
1703 1139 1855 1186 onus
1890 1127 2156 1203 impono,
2241 1123 2359 1187 Sed

468 1225 694 1300 utrique
721 1225 803 1283 rei
831 1224 1268 1282 excusationem
1298 1233 1432 1283 tuae
1458 1225 1609 1283 vitae
1647 1212 2009 1284 consuet'udo
2047 1224 2178 1283 dat:
2220 1238 2359 1284 nam

470 1322 630 1399 quod
688 1322 767 1380 ita
820 1322 1116 1381 consuesti
1170 1339 1277 1399 pro
1334 1322 1536 1381 amicis
1591 1322 1872 1393 laborare,
1929 1339 2050 1381 non
2105 1322 2221 1381 iam
2277 1324 2359 1384 sic

471 1430 706 1496 sperant
748 1420 854 1478 abs
902 1429 977 1491 te,
1020 1420 1125 1479 sed
1175 1421 1351 1478 etiam
1398 1422 1485 1479 sic
1533 1420 1820 1503 imperant
1874 1420 1977 1479 tibi
2031 1419 2360 1481 familiares.

472 1513 652 1592 Quod
679 1518 754 1576 ad
792 1517 1001 1576 librum
1038 1511 1256 1589 attinet,
1287 1533 1464 1593 quem
1504 1518 1605 1576 tibi
1644 1517 1792 1577 filius
1831 1517 2007 1590 dabit,
2037 1529 2175 1597 peto
2211 1537 2251 1580 a
2286 1529 2361 1592 te,

474 1631 548 1676 ne
577 1623 759 1687 exeat,
790 1626 891 1674 aut
916 1616 996 1676 ita
1023 1616 1296 1692 corrigas
1328 1633 1401 1674 ne
1432 1615 1571 1674 mihi
1600 1625 1824 1674 noceat.

818 1774 916 1832 93.
998 1771 1113 1830 AD
1153 1767 1660 1831 FAMILIARES
1702 1772 1875 1832 XIII.
1916 1790 2011 1832 τι.

1028 1884 1158 1946 Sca.
1205 1885 1427 1947 Roma
1468 1904 1636 1947 A.u.c.
1680 1889 1815 1960 708.

1114 2010 1324 2054 elcmzo
1365 2012 1557 2054 murm
1597 2012 1723 2054 sat..

560 2127 612 2168 1.
654 2108 818 2181 Qun
850 2120 1082 2183 semper
1117 2102 1495 2165 animadverti
1534 2108 1793 2167 stud10se
1833 2114 1890 2168 te
1928 2093 2170 2186 operam
2210 2107 2364 2182 dare,

474 2214 540 2265 ut
585 2218 661 2264 ne
704 2204 846 2282 quid
892 2218 1157 2262 meorum
1204 2204 1308 2263 tibi
1356 2212 1510 2264 esset
1557 2206 1842 2281 ignotum,
1886 2220 2195 2284 propterea
2244 2222 2368 2266 non

476 2303 679 2362 dubito
722 2303 862 2379 quin
906 2303 1073 2371 seiae„
1118 2316 1241 2360 non
1291 2303 1482 2362 solum
1530 2304 1694 2362 cuius
1742 2305 2039 2382 municipii
2088 2307 2218 2376 sim,
2262 2302 2369 2363 scd

475 2401 668 2470 etiam,
715 2416 894 2476 quam
951 2399 1253 2474 diligenter
1310 2400 1531 2459 soleam
1579 2414 1746 2460 meos
1794 2402 2119 2478 municipes
2168 2396 2369 2483 [Arpi-

477 2494 666 2576 nates]
706 2497 884 2556 tuerit
927 2508 1177 2572 quorum
1207 2498 1444 2573 quidem
1473 2499 1673 2557 omnia
1699 2499 2014 2557 commoda
2041 2514 2370 2577 omnesque

477 2594 792 2666 facultateS,
822 2595 1039 2671 quibus,
1073 2603 1132 2653 et
1167 2612 1334 2654 sacra
1372 2596 1660 2655 conficere
1689 2606 1749 2654 et
1777 2606 1928 2655 sarta
1956 2606 2108 2655 tecta
2135 2596 2372 2656 aedium

478 2708 769 2752 sacrarum
810 2693 1190 2770 locorumque
1230 2695 1633 2753 communium
1673 2694 1821 2753 tueri
1862 2695 2104 2771 possint,
2148 2695 2372 2754 consis-

476 2799 604 2849 tunt
636 2792 697 2850 in
738 2791 807 2851 iis
845 2792 1238 2869 vectigalibus,
1268 2808 1419 2870 quae
1460 2793 1679 2852 habent
1719 2793 1780 2851 in
1820 2795 2120 2871 provincia
2161 2792 2370 2854 Gallia.

439 2908 444 2915 ·
478 2889 573 2947 Ad
600 2906 672 2951 ea
698 2890 939 2949 visenda
965 2890 1379 2967 pecuniasque,
1409 2902 1559 2966 quae
1587 2906 1623 2949 a
1651 2892 1876 2951 colonis
1913 2891 2217 2957 debentur,
2248 2893 2370 2950 exi-

476 2987 700 3064 gendas
739 2996 1039 3065 totamque
1078 3002 1201 3047 rem
1240 2996 1297 3047 et
1337 2989 1818 3064 cognoscendam
1861 2998 1919 3048 et
1958 2990 2371 3049 administran-

478 3087 615 3144 dam
670 3086 892 3162 legatos
948 3086 1171 3164 equites
1233 3085 1542 3145 Romanos
1607 3086 1888 3159 misimuS,
1947 3085 2025 3159 Q.
2075 3084 2373 3147 Fufidium

478 3184 557 3257 Q.
587 3184 642 3256 f,
674 3184 759 3243 M.
789 3185 1070 3244 Faucium
1108 3176 1194 3243 M.
1220 3184 1277 3256 f.,
1307 3183 1381 3255 Q.
1419 3183 1783 3243 Mamercum
1824 3182 1901 3256 Q.
1930 3183 1969 3244 f.
2056 3205 2108 3244 2.
2147 3186 2294 3244 Peto
2331 3204 2373 3245 a

480 3294 537 3342 te
565 3284 625 3341 in
653 3284 935 3342 maiorem
962 3282 1208 3341 modum
1237 3296 1347 3358 pro
1376 3293 1576 3340 nostra
1604 3283 2047 3354 necessitudine,
2076 3294 2141 3341 ut
2168 3282 2270 3344 tibi
2297 3302 2372 3343 ea

479 3398 572 3439 res
610 3396 780 3439 curae
821 3382 892 3438 sit
928 3394 1285 3456 operamque
1329 3379 1449 3449 des,
1477 3388 1541 3438 ut
1578 3394 1683 3456 per
1720 3388 1776 3438 te
1806 3398 1982 3457 quam
2011 3381 2369 3440 commodis-

482 3478 626 3536 sime
655 3474 956 3554 negotium
994 3478 1293 3555 municipii
1333 3478 1757 3537 administretur
1786 3494 1962 3556 quam
2000 3479 2370 3557 primumque
