2642 3925
247 225 336 290 sp.
357 237 438 288 50,
459 212 570 296 μζ]
618 224 845 278 EPIST.
887 225 988 278 AD
1028 223 1363 278 ATTICUM
1386 225 1555 273 vm.
1608 229 1685 278 12
1726 221 1796 276 n.
2016 229 2133 299 131

243 382 483 457 negotia
510 382 670 443 tueri.
753 381 908 443 Cum
949 400 1024 443 eo
1052 382 1358 454 venissem,
1387 383 1505 442 vidi
1534 380 1609 442 T.
1635 382 1920 458 Ampium
1962 382 2147 441 dilec·»

244 488 372 538 tum
424 480 638 539 habere
701 480 1157 556 diligentissime,
1216 483 1319 540 ab.
1366 498 1441 540 eo
1510 480 1774 556 accipere
1830 480 2147 550 Libonem,‘

245 595 478 636 summa
511 579 652 638 item
689 579 984 654 diligentia
1016 590 1075 638 et
1099 579 1163 637 in
1189 578 1284 637 illa
1317 579 1553 638 colonia
1589 578 1945 640 auctoritate.
2027 577 2147 638 Fu‘r

245 674 506 750 Capuae,
532 677 729 754 quoad
757 677 1042 736 consul-es.
1126 675 1366 748 Iterum,
1390 686 1455 734 ut
1485 685 1609 734 eras.
1634 677 1889 734 edictum
1925 694 1963 736 a
1994 693 2147 734 con-·

245 774 486 846 sulibuS,
513 775 644 834 veni
686 775 954 853 Capuam
995 774 1072 834 ad
1101 773 1308 832 Nonas
1351 773 1625 833 Februar.
1708 773 1863 834 Cum
1900 773 2147 832 fuissem·

243 873 516 944 triduum,
543 873 738 948 recepi
765 891 861 931 me
888 871 936 930 F
939 873 1174 931 onniaS.
1256 890 1312 946 3.
1356 871 1550 943 Nune,
1579 871 1742 946 quod
1781 882 1951 930 tuum
1991 889 2134 930 con·

245 969 438 1028 silium
479 981 576 1032 aut
602 988 752 1046 quae
793 971 938 1029 ratio
979 969 1112 1028 belli
1155 969 1245 1040 sit,
1273 972 1519 1044 ignoro:
1561 969 1611 1027 si
1638 970 1955 1028 tenendam
1983 969 2144 1028 hano‘

243 1086 414 1129 oram
452 1080 638 1145 putaS,
667 1087 816 1145 quae
853 1080 910 1129 et
950 1068 1450 1144 opportunitatem
1484 1076 1543 1125 et
1582 1067 1920 1143 dignitatem
1961 1067 2138 1127 habet

247 1175 308 1223 et
347 1166 612 1241 egregios
653 1168 823 1237 cives,
853 1175 931 1237 et,
969 1174 1034 1223 ut
1073 1164 1333 1235 arbitror,
1376 1163 1559 1222 teneri
1602 1171 1813 1239 potest,
1855 1181 2006 1240 opus
2046 1174 2135 1223 est

247 1279 378 1320 esse
407 1263 505 1338 qui
533 1264 746 1339 praesit
761 1281 779 1335 3
823 1262 914 1320 sin
955 1263 1153 1320 omnia
1191 1277 1376 1318 unum
1415 1259 1700 1319 inlocum
1742 1261 2139 1322 contrahenda

248 1368 400 1432 sunt,
431 1377 552 1418 non
581 1360 786 1418 dubito
811 1359 952 1435 quin
981 1358 1058 1416 ad
1085 1367 1144 1416 te
1180 1357 1374 1416 statim
1402 1357 1649 1426 veniam,
1679 1375 1799 1434 quo
1829 1357 1970 1416 mihi
1996 1358 2137 1418 nihil

247 1457 501 1532 optatius
541 1468 644 1527 est,
673 1457 849 1533 idque
892 1466 1102 1526 tecum,
1142 1472 1262 1533 quo
1306 1454 1403 1512 die
1442 1454 1517 1512 ab
1560 1455 1702 1512 urbe
1745 1455 2136 1528 discessimuS,

247 1553 474 1613 locutus
517 1572 664 1613 sum.
747 1553 904 1630 Ego,
945 1555 994 1614 si
1042 1553 1135 1614 cui
1184 1551 1376 1611 adhuc
1423 1551 1623 1611 videor
1666 1554 1901 1629 segnior
1940 1554 2143 1628 fuisse,

248 1649 390 1712 dum
428 1670 506 1710 ne
545 1652 649 1711 tibi
689 1651 900 1724 videar,
943 1670 1067 1711 non
1107 1647 1334 1720 laboro,
1375 1659 1435 1708 et
1478 1660 1693 1722 tamen,
1733 1651 1801 1721 si,
1843 1661 1907 1712 ut
1946 1653 2135 1726 vide0,

247 1747 463 1808 bellum
505 1749 830 1824 gerendum
871 1759 981 1820 est,
1029 1749 1266 1812 confido
1314 1765 1412 1808 me
1458 1747 1735 1806 omnibus
1784 1747 1949 1807 facile
1997 1751 2139 1810 satis

246 1844 556 1906 facturum.
639 1866 694 1918 4.
743 1845 830 1906 Μ.
870 1845 1148 1915 Tullium,
1213 1852 1414 1904 meum
1472 1845 1882 1917 necessarium,
1940 1845 2017 1906 ad
2076 1856 2135 1906 te

245 1945 400 2017 misi,
426 1945 520 2007 cui
547 1955 628 2017 tu,
657 1945 706 2007 si
734 1945 835 2005 tibi
863 1945 1166 2017 videretur,
1195 1944 1272 2005 ad
1299 1962 1396 2003 me
1423 1943 1642 2006 litteras
1670 1943 1855 2004 dares.

600 2108 696 2164 51.
777 2103 894 2163 AD
934 2100 1325 2162 ATTICUM
1367 2101 1540 2163 VIII.
1588 2120 1657 2161 12
1702 2101 1782 2162 D.

325 2218 456 2280 Scn.
499 2218 802 2279 Lucanum
839 2237 898 2278 A.
938 2236 999 2279 n.
1037 2235 1158 2279 xm.
1199 2216 1355 2281 KAL-
1396 2216 1675 2279 Murus
1712 2237 1879 2280 nanc.
1926 2233 2063 2296 705.

449 2345 539 2387 cn.
579 2344 812 2387 monus
850 2342 1080 2387 Pnocos
1117 2342 1164 2386 s.
1203 2343 1260 2385 n.
1301 2342 1358 2385 1..
1398 2342 1645 2387 nomme
1684 2344 1913 2395 raneos,

332 2460 384 2503 1.
433 2440 738 2502 er‘rnnAE
783 2440 925 2498 mihi
959 2458 1006 2510 ,a
1051 2449 1110 2498 te
1153 2439 1408 2499 redditae
1453 2450 1589 2501 sunt
1634 2460 1687 2502 a.
1729 2441 1787 2500 d.
1830 2460 1953 2501 xm.
1994 2440 2130 2502 Kal.

247 2540 508 2606 Martias,
560 2540 624 2597 in
683 2540 892 2613 quibus
961 2538 1163 2597 scribis
1213 2536 1528 2599 Caesarem
1593 2539 1753 2615 apud
1807 2538 2131 2599 Corfinium

247 2648 436 2699 castra
461 2637 744 2713 posuisse.
826 2636 1007 2708 Quod
1033 2634 1230 2713 putavi
1264 2646 1326 2697 et
1354 2637 1698 2713 praemonui
1724 2636 1806 2709 fit,
1833 2646 1897 2697 ut
1932 2654 2043 2697 nec
2069 2637 2139 2695 in

246 2735 574 2811 praesentia
619 2735 984 2795 committere
1025 2744 1218 2794 tecum
1259 2733 1545 2809 proelium
1583 2732 1718 2791 velit
1758 2743 1819 2792 et
1857 2735 2142 2796 omnibus¹

247 2833 432 2909 copiis
460 2832 763 2891 conductis
789 2842 846 2892 te
873 2831 1142 2908 implicet,
1169 2849 1246 2889 ne
1273 2829 1351 2889 ad
1380 2848 1478 2889 me
1504 2830 1615 2889 iter
1651 2832 1753 2890 tibi
1796 2832 2135 2907 expeditum

249 2932 322 2991 sit
361 2941 534 3005 atque
562 2931 702 2989 istas
730 2931 934 3007 copias
957 2930 1311 3005 coniungere
1339 2929 1699 3005 optimorum
1738 2929 1951 2991 civium
1992 2950 2133 3008 pos.

246 3030 329 3089 sis
368 3046 504 3087 cum
543 3028 612 3087 iis
648 3028 990 3104 legionibus,
1031 3028 1108 3087 de
1142 3044 1390 3105 quarum
1430 3025 1730 3085 voluntate·
1766 3027 2099 3089 dubitamus
2112 3047 2141 3089 t·

245 3144 370 3203 quo
422 3126 596 3185 etiam
649 3127 840 3202 magis
891 3127 1006 3185 tuis
1058 3125 1257 3185 litteris
1311 3142 1448 3183 sum
1500 3135 1873 3199 commotus;
1942 3146 2145 3205 neque

244 3224 404 3283 enim
431 3241 633 3283 eorum
673 3224 934 3296 militum,
961 3241 1112 3302 quos
1150 3224 1387 3283 mecum
1422 3221 1631 3295 habe0,
1659 3224 1951 3284 voluntate
1992 3226 2143 3283 satisv

243 3322 502 3393 confido,
527 3331 592 3381 ut
621 3322 696 3381 de
733 3322 1006 3382 omnibus
1032 3322 1276 3383 fortunis
1302 3322 1387 3382 rei
1414 3322 1677 3397 publicae
1712 3322 2003 3393 dimicem,
2024 3338 2144 3379 ·ne-‘

244 3439 360 3498 que
401 3420 592 3492 etiam,
621 3422 722 3497 qui
763 3439 838 3481 ex
865 3420 1165 3479 dilectibus
1201 3419 1523 3500 conscripti.
1554 3430 1752 3479 sunta
1779 3415 2143 3491 consulibusf'

553 3538 559 3543 ’
1133 3536 1184 3585 K
1203 3536 1237 3586 2.
