2642 3925
317 251 405 315 Ep.
436 231 565 323 21.]'
751 249 981 304 EPIST.
1025 246 1126 301 An
1165 247 1614 302 murmanus
1652 254 1702 304 ι.
1756 257 1815 305 1.
2114 245 2198 323 57

317 408 521 470 ceteris
547 409 608 471 in
635 409 807 471 rebus
836 429 898 471 se
925 411 1270 472 acerrimum
1289 412 1373 471 tui
1393 407 1759 471 defensorem
1781 408 1905 469 fore
1925 408 2199 469 ostendit.

320 508 501 582 Quod
541 510 658 581 dat,
698 509 1049 587 accipimus:
1091 510 1255 588 quod
1294 510 1536 568 instituit
1570 509 1780 568 referre
1814 507 1888 566 de
1924 507 2201 584 religione

318 613 380 661 et
417 621 593 680 saepe
633 603 749 662 iam
792 603 994 675 retulit,
1036 603 1113 662 ab
1154 619 1229 662 eo
1270 601 1481 663 deduci
1521 619 1644 661 non
1683 611 1895 680 potest.
1978 620 2033 676 3.
2078 600 2200 660 Res

320 706 455 756 ante
482 693 623 757 Idus
660 703 791 756 acta
834 697 1034 760 sicest
1053 711 1295 769 ;—nam
1324 696 1479 756 haec
1507 693 1714 757 Idibus·
1749 711 1923 754 mane
1961 693 2200 770 scripsi:

317 795 710 855 —Hortensii
752 804 814 854 et
856 811 991 854 mea
1032 803 1092 854 et
1132 791 1357 854 Luculli
1412 793 1698 854 sententia
1745 793 1899 852 cedit
1939 790 2202 868 religioni

322 893 396 952 de
432 893 948 953 exercitu—teneri
988 893 1145 952 enim
1186 911 1279 952 res
1314 893 1476 952 aliter
1513 909 1634 952 non
1673 900 1965 969 potest—,
1994 890 2204 976 sedex

321 990 422 1049 illo
461 1002 695 1050 senatus
734 991 1019 1062 consulto,
1068 990 1229 1067 quod
1268 1000 1329 1049 te
1368 989 1651 1049 referente
1690 988 1909 1048 factum
1949 997 2054 1059 est,
2097 987 2201 1045 tibi

224 1147 231 1155 ,
323 1088 595 1159 decernit,
634 1097 701 1148 ut
738 1107 938 1165 regem
972 1087 1230 1159 reducas,
1260 1088 1425 1165 quod
1459 1088 1778 1147 commodo
1818 1087 1902 1146 rei
1933 1085 2205 1163 publicae

325 1185 514 1245 facere
566 1187 791 1263 possis3
846 1196 911 1247 ut
953 1188 1270 1247 exercitum
1320 1188 1525 1264 religio
1571 1188 1750 1260 tollat,
1797 1195 1857 1247 te
1904 1196 2202 1247 auctorem

324 1293 558 1344 senatus
624 1285 881 1344 retineat.
983 1283 1231 1345 Crassus
1291 1296 1410 1346 tres
1466 1286 1691 1362 legatos
1759 1286 2032 1359 decernit,
2087 1299 2202 1345 nec

325 1383 577 1443 excludit
612 1382 995 1460 Pompeium
1038 1392 1238 1443 censet
1269 1384 1428 1442 enim
1468 1384 1643 1443 etiam
1680 1399 1755 1443 ex
1797 1385 1881 1456 iis,
1919 1384 2020 1461 qui
2065 1400 2202 1444 cum

323 1481 568 1557 imperio
594 1481 744 1553 sint;
787 1480 1028 1540 Bibulus
1056 1490 1172 1540 tres
1200 1481 1442 1557 legatOS,
1470 1498 1546 1541 ex
1572 1482 1661 1552 iis,
1690 1482 1789 1559 qui
1818 1482 2021 1558 privati
2049 1489 2203 1541 sunt.

326 1577 484 1637 Huic
538 1578 936 1638 adsentiuntur
978 1578 1181 1655 reliqui
1222 1579 1559 1639 consulares
1598 1590 1827 1656 praeter
1882 1580 2203 1652 Servilium,

322 1678 424 1754 qui
478 1677 720 1736 omnino
775 1677 974 1736 reduci
1029 1686 1208 1754 negat
1262 1688 1547 1754 oportere,
1589 1687 1647 1737 et
1693 1675 2042 1749 Volcatium,
2085 1678 2202 1755 qui,

322 1774 496 1851 Lupo
531 1774 829 1844 referente,
868 1773 1152 1850 Pompeio
1185 1774 1457 1845 decernit,
1500 1785 1558 1834 et
1599 1774 1919 1847 Afranium,
1962 1776 2063 1853 qui
2102 1774 2207 1833 ad·-

321 1873 566 1932 sentitur
591 1870 880 1933 Volcatio.
963 1871 1134 1944 Quae
1174 1891 1268 1932 res
1310 1881 1485 1947 auget
1522 1872 1901 1947 suspitionem
1939 1870 2205 1949 Pompeii

321 1971 647 2042 voluntatis,
684 1968 1247 2029 animadvertebatur
1284 1962 1569 2047 Pompeii
1585 1970 1892 2031 familiares
1929 1969 2205 2030 adsentiri

321 2067 611 2126 Volcatio.
712 2066 1037 2125 Laboratur
1101 2067 1513 2141 vehementem
1581 2066 1854 2127 inclinata
1918 2085 2013 2128 res
2080 2079 2205 2129 est:
2239 2136 2244 2141 ,

322 2160 567 2224 Lib'onis
604 2172 663 2223 et
697 2162 961 2240 Hypsaei
988 2181 1110 2224 non
1137 2165 1392 2223 obscura
1426 2164 1794 2224 concursatio
1820 2172 1881 2225 et
1906 2167 2207 2227 contentio
2239 2156 2246 2162 ⁵

322 2263 703 2337 omniumque
741 2260 1005 2337 Pompeii
1040 2261 1403 2320 familiarium
1440 2263 1693 2323 studium
1725 2264 1786 2322 in
1812 2281 1947 2322 eam
1972 2264 2207 2341 opinio·

322 2378 461 2420 nem
500 2377 624 2419 rem
663 2358 1043 2430 adduxerunt,
1083 2370 1148 2419 ut
1188 2360 1503 2436 Pompeius
1535 2379 1745 2437 cupere
1781 2362 2038 2421 videatur
2050 2381 2069 2437 3
2112 2361 2206 2422 cui

322 2459 423 2535 qui
454 2458 677 2528 nolunt,
705 2458 862 2516 idem
889 2456 1008 2528 tibi,
1042 2458 1207 2533 quod
1242 2476 1378 2517 eum
1414 2461 1650 2530 ornasti,
1686 2477 1810 2518 non
1843 2470 1978 2519 sunt
2018 2460 2205 2521 amici.

322 2576 381 2629 4.
443 2554 573 2614 Nos
626 2557 688 2613 in
742 2572 920 2614 causa
972 2549 1372 2615 auctoritatem
1425 2574 1500 2615 eo
1553 2558 1841 2617 minorem
1900 2557 2204 2630 habemuS,

324 2654 483 2728 quod
537 2652 640 2711 tibi
687 2651 1005 2725 debemus3
1053 2654 1299 2729 gratiam
1342 2664 1536 2713 autem
1577 2666 1837 2713 nostram
1892 2655 2208 2731 exstinguit

324 2749 629 2808 hominum
684 2750 944 2825 suspitio,
999 2751 1161 2826 quod
1203 2750 1489 2826 Pompeio
1530 2770 1595 2811 se
1634 2752 1940 2828 gratificari
1980 2763 2206 2828 putant.

324 2845 409 2905 Ut
434 2847 496 2906 in
521 2849 695 2906 rebus
731 2848 915 2907 multo
952 2858 1106 2920 ante,
1134 2866 1312 2924 quam
1344 2849 1640 2925 profectus
1666 2868 1748 2921 eS,
1786 2851 1862 2909 ab
1898 2850 2030 2926 ipso
2070 2869 2208 2927 rege

325 2952 387 3003 et
440 2945 516 3003 ab
570 2945 788 3004 intimis
841 2962 912 3006 ac
967 2946 1303 3005 domesticis
1352 2946 1616 3022 Pompeii
1657 2946 1809 3005 clam
1849 2948 2210 3019 exulceratis,

327 3041 539 3104 deinde
584 3042 778 3118 palam
819 3060 856 3101 a
895 3042 1294 3102 consularibus
1349 3045 1653 3121 exagitatis
1708 3054 1767 3104 et
1812 3045 1874 3103 in
1916 3063 2207 3105 summam

324 3140 600 3199 invidiam
638 3133 916 3211 adductis,
959 3141 1039 3199 ita
1074 3158 1390 3200 versamur.
1471 3140 1750 3201 Nostram
1777 3142 1957 3202 fidem
1983 3161 2207 3217 omneS,

325 3254 587 3298 amorem
615 3238 698 3297 tui
725 3239 975 3298 absentis
1012 3247 1350 3316 praesentes
1386 3240 1468 3298 tui
1506 3251 1884 3317 cognoscent.
1967 3239 2030 3298 Si
2054 3250 2210 3312 esset

324 3336 387 3393 in
432 3336 501 3394 iis
549 3335 709 3409 fides,
758 3337 821 3395 in
870 3337 1082 3416 quibus
1123 3352 1356 3395 summa
1399 3353 1527 3397 esse
1569 3338 1837 3409 debebat,
1879 3353 2003 3395 non
2042 3335 2208 3397 labo-

324 3450 596 3493 raremua
