2642 3925
488 254 512 296 1
525 234 612 314 64
837 286 846 292 .
1023 247 1104 302 Μ.
1152 247 1393 297 Tuan
1426 246 1801 296 crcERoms
2114 230 2258 315 [Pars
2278 243 2374 294 111.

486 406 626 464 dum
663 403 811 464 haec
853 405 1254 476 decernuntur,
1283 423 1435 481 quae
1475 405 1593 463 iam
1636 412 1803 463 erunt
1843 401 2127 463 confecta.
2210 400 2286 460 Id
2322 399 2379 458 si
2460 471 2467 477 ι

487 502 705 572 feceris,
737 513 794 560 et
825 521 941 578 ego
979 512 1037 562 te
1079 503 1371 580 sapienter
1405 501 1613 563 fecisse
1653 501 1926 561 iudicabo
1964 509 2022 558 et
2058 498 2382 560 Caesarem
2484 534 2493 542 ·

430 639 439 647 -
485 617 608 658 non
635 600 918 660 offendes·

859 762 978 817 ·70.
1059 756 1177 816 AD
1219 755 1724 817 FAMILIARES
1766 755 1846 816 11.
1896 755 1986 815 16.

725 871 859 934 Sca.
900 889 964 932 m
1003 869 1260 932 Cmnmo
1301 889 1491 932 arnust
1530 873 1747 931 Anum
1784 888 1954 931 nanc.
2002 882 2137 945 705.

921 995 984 1038 κ.
1027 995 1236 1038 menno
1277 996 1397 1036 nn’.
1437 995 1485 1038 s.
1526 997 1583 1038 n.
1626 996 1686 1036 u.
1724 994 1949 1037 curuo.

583 1110 636 1153 1.
678 1091 906 1152 ano
941 1091 1144 1150 dolore
1177 1110 1274 1151 me
1307 1091 1655 1151 adfecissent
1692 1101 1823 1150 tuae
1857 1090 2094 1163 litterae,
2122 1091 2235 1150 nisi
2262 1091 2389 1152 iam

491 1199 551 1248 et
579 1190 721 1248 ratio
756 1189 884 1265 ipsa
915 1188 1231 1265 depulisset
1267 1207 1476 1249 omnes
1513 1189 1809 1247 molestias
1847 1198 1905 1247 et
1946 1188 2216 1247 diuturna
2249 1188 2387 1247 des·

492 1288 794 1364 peratione
821 1305 1014 1344 rerum
1053 1287 1421 1347 obduruisset
1452 1287 1681 1346 animus
1713 1287 1788 1345 ad
1827 1285 2087 1345 dolorem
2128 1305 2389 1356 novum;

495 1385 601 1443 sed
628 1395 841 1456 tamen,
865 1402 982 1460 qua
1009 1403 1070 1443 re
1099 1384 1371 1443 acciderit
1398 1393 1461 1442 ut
1487 1402 1561 1442 ex
1590 1385 1736 1443 meis
1765 1383 2155 1460 superioribus
2184 1382 2390 1442 litteris

496 1481 554 1539 id
585 1481 958 1556 suspicarere,
989 1483 1148 1558 quod
1175 1482 1396 1552 scribis,
1427 1480 1655 1541 nescio:
1698 1482 1841 1559 quid
1868 1483 2026 1540 enim
2053 1482 2114 1540 in
2141 1482 2252 1540 illis
2279 1481 2392 1541 fuit

497 1589 724 1656 praeter
763 1579 1058 1654 querelam
1098 1581 1471 1656 temporum?
1526 1598 1678 1656 quae
1720 1598 1842 1638 non
1881 1598 2080 1638 meum
2123 1581 2389 1638 animum

497 1678 688 1754 magis
741 1677 1049 1736 sollicitum
1097 1678 1313 1736 habent
1367 1694 1547 1754 quam
1594 1687 1776 1736 tuum.
1859 1676 2020 1735 Nam
2075 1695 2198 1735 non
2252 1695 2391 1736 eam

499 1775 754 1851 cognovi
791 1775 977 1832 aciem
1004 1775 1222 1850 ingenii
1248 1775 1349 1846 tui,
1380 1774 1543 1851 quod
1570 1776 1695 1851 ipse
1721 1774 1969 1844 videam,
2001 1784 2056 1833 te
2085 1774 2143 1832 id
2171 1785 2234 1833 ut
2262 1793 2391 1833 non

500 1883 700 1949 putem
746 1872 974 1930 videre:
1028 1872 1168 1930 illud
1215 1873 1412 1944 miror,
1463 1873 1674 1931 adduci
1715 1873 1972 1949 potuisse
2016 1882 2092 1943 te,
2142 1873 2243 1950 qui
2290 1891 2392 1933 me

501 1972 731 2048 penitus
758 1989 936 2029 nosse
971 1971 1229 2042 debereS,
1257 1980 1323 2030 ut
1356 1971 1715 2029 existimares
1743 1980 1843 2029 aut
1878 1988 1975 2028 me
2012 1981 2133 2029 tam
2171 1972 2391 2049 impro-

502 2068 717 2139 vidum,
759 2070 860 2146 qui
907 2069 982 2127 ab
1024 2069 1275 2127 excitata
1314 2067 1550 2127 fortuna
1587 2068 1665 2125 ad
1714 2067 2048 2126 inclinatam
2098 2078 2156 2127 et
2202 2086 2392 2146 prope

504 2169 790 2224 iacentem
819 2165 1223 2236 desciscerem‚
1253 2175 1353 2223 aut
1379 2175 1498 2224 tam
1524 2166 1970 2237 inconstantem,
1993 2176 2057 2224 ut
2085 2166 2393 2227 collectam

481 2262 753 2338 “gratiam
791 2262 1182 2323 florentissimi
1222 2263 1477 2322 hominis
1518 2263 1879 2322 effunderem
1926 2282 1962 2321 a
2009 2282 2224 2340 meque
2266 2265 2395 2341 ipse

509 2359 818 2419 deficerem
855 2369 930 2433 et,
959 2360 1122 2437 quod
1158 2361 1321 2420 initio
1366 2379 1711 2439 semperque
1748 2360 1887 2437 fugi,
1919 2361 2067 2419 civili
2109 2362 2263 2421 bello
2304 2363 2395 2420 in-

391 2466 407 2484 ·
510 2468 804 2517 teressem.
893 2478 945 2517 2.
990 2458 1172 2530 Quod
1205 2467 1294 2517 est
1330 2459 1505 2534 igitur
1543 2476 1739 2517 meum
1785 2460 1980 2518 ‘triste
2008 2462 2397 2522 consilium'?

510 2566 574 2614 ut
609 2555 962 2614 discederem
991 2555 1233 2614 fortasse
1263 2556 1324 2613 in
1361 2556 1582 2632 aliquas
1624 2556 2008 2617 solitudines?
2050 2560 2208 2618 nosti
2234 2561 2393 2620 enim

510 2672 634 2712 non
686 2653 868 2711 modo
925 2651 1211 2712 stomachi
1264 2655 1399 2723 mei,
1457 2654 1619 2712 cuius
1672 2663 1735 2710 tu
1790 2653 2035 2713 similem
2090 2657 2396 2732 quondam

510 2752 786 2822 habebaS,
835 2751 941 2810 sed
987 2752 1160 2811 etiam
1208 2752 1513 2811 oculorum
1556 2752 1619 2808 in
1665 2750 1972 2808 hominum
2021 2753 2395 2815 insolentium

511 2848 851 2924 indignitate
879 2848 1204 2923 fastidium3
1246 2848 1471 2907 accedit
1509 2849 1685 2906 etiam
1720 2847 1966 2906 molesta
2002 2848 2147 2908 haec
2174 2868 2397 2929 pompa

510 2947 779 3006 lictorum
816 2964 1085 3005 meorum
1121 2958 1460 3021 nomenque
1487 2945 1729 3021 imperii,
1759 2963 1879 3021 quo
1909 2947 2203 3022 appellor:
2244 2967 2319 3009 eo
2348 2951 2397 3009 si

513 3061 691 3103 onere
730 3062 1006 3116 carerem,
1042 3044 1303 3120 quamvis
1345 3043 1533 3119 parvis
1575 3042 1785 3101 Italiae‘
1817 3042 2050 3101 latebris
2092 3055 2397 3106 contentus

515 3159 722 3201 essem.
808 3139 925 3198 Sed
971 3141 1208 3199 incurrit
1249 3139 1397 3198 haec
1443 3149 1643 3201 nostra
1682 3139 1880 3198 laurus
1924 3157 2048 3198 non
2095 3142 2289 3200 solum
2336 3142 2397 3200 in

516 3237 734 3307 oculoS‚
779 3236 882 3295 sed
925 3236 1042 3295 iam
1089 3238 1265 3295 etiam
1312 3238 1379 3295 in‘
1415 3236 1649 3295 voculas
1697 3234 2133 3296 malevolorum.
2217 3237 2399 3311 Quod

517 3351 653 3391 cum
699 3332 778 3391 ita
827 3340 994 3401 esset,
1045 3332 1127 3389 nil
1175 3339 1372 3391 ta'men
1420 3351 1701 3410 umquam
1742 3333 1831 3392 'de
1876 3333 2240 3409 profectione
2287 3336 2400 3394 nisi

519 3430 684 3487 vobis
739 3427 1194 3503 adprobantibus
1250 3430 1514 3511 cogitavi.
1586 3429 1718 3512 ‘Sed
1772 3448 1907 3490 mea
1952 3430 2257 3509 praediola*
2297 3433 2401 3493 tibi
