2642 3925
272 262 496 357 Ep.82.]
706 278 933 335 EPISY.
970 281 1071 330 AD
1111 278 1444 330 arr-roms
1480 278 1584 332 Π.
1634 283 1737 334 12.
2042 259 2167 348 183

700 529 800 588 82.
881 528 997 587 AD
1051 527 1442 588 ATTICUM
1495 527 1603 588 XI.
1639 545 1731 588 12.

344 634 478 698 Sex.
525 636 832 699 Brummsn
873 656 929 699 A·
958 657 1014 699 n.
1057 657 1181 699 vm.
1223 638 1365 699 Inus
1405 637 1684 700 Mrams
1724 653 1897 701 μισ.
1940 648 2078 714 707.

916 764 1122 808 crcxxo
1161 764 1376 808 unco
1415 763 1540 807 su..

363 857 415 918 ί.
457 857 763 919 ΟΕΡΗΑιιο
800 855 943 919 mihi
978 880 1014 919 a
1049 871 1107 920 te
1144 860 1363 920 litteras
1400 859 1649 921 reddidit
1684 879 1733 921 a.
1766 859 1819 920 d.
1863 876 1984 921 vm·
2024 853 2168 918 Idus

275 954 451 1016 Mart.
478 975 736 1033 vespere.
817 956 912 1016 Eo
949 968 1144 1018 autem
1180 957 1277 1025 die
1303 976 1479 1017 mane
1511 958 1838 1017 tabellarios
1874 956 2167 1026 miseram,

275 1041 501 1131 quibus*
530 1056 607 1114 ad
647 1066 705 1114 te
746 1054 1022 1116 dederam
1068 1056 1313 1115 litteras:
1356 1056 1469 1114 tuis
1517 1066 1713 1115 tamen
1759 1054 1923 1115 lectis
1969 1052 2169 1113 litteris

274 1152 472 1229 putavi
506 1152 725 1228 aliquid
756 1154 1192 1213 rescribendum
1230 1172 1378 1225 esse,
1408 1153 1683 1225 maxime,
1713 1152 1872 1230 quod
1908 1151 2169 1211 ostendis

274 1260 333 1309 te
371 1251 629 1327 pendere
667 1251 862 1323 animi,
892 1269 1211 1328 quamnam
1245 1252 1530 1310 rationem
1569 1251 1677 1310 sim
1708 1250 1944 1310 Caesari
1972 1248 2171 1309 allatu·
2273 1300 2279 1311 .

274 1368 373 1408 rus
422 1348 800 1430 profectionis
846 1367 1013 1407 meae
1069 1358 1211 1419 tum,
1260 1366 1397 1407 cum
1447 1366 1521 1407 ex
1571 1347 1738 1407 Italia
1785 1347 2170 1407 discesserim.

273 1445 439 1504 Nihil
480 1463 633 1522 opus
675 1455 763 1503 est
802 1445 943 1503 mihi
984 1462 1137 1503 nova
1178 1446 1434 1517 ratione;
1494 1463 1670 1522 saepe
1711 1444 1868 1504 enim
1916 1445 1992 1503 ad
2033 1462 2170 1503 eum

276 1544 484 1621 scripsi
523 1543 834 1619 multisque
871 1543 1145 1602 mandavi
1182 1562 1279 1602 me
1324 1561 1446 1602 non
1484 1543 1762 1622 potuisse,
1804 1561 1940 1603 cum
1978 1544 2170 1622 cupis-

277 1659 425 1713 sem,
483 1658 784 1700 sermones
840 1640 1150 1699 hominum
1216 1641 1516 1712 sustinere,
1571 1640 1868 1718 multaque
1922 1640 1983 1699 in
2037 1659 2169 1700 eam

277 1739 644 1801 sententiam.
727 1736 888 1796 Nihil
937 1738 1094 1797 enim
1149 1749 1286 1808 erat,
1334 1738 1496 1813 quod
1543 1738 1737 1796 minus
1784 1755 1919 1796 eum
1965 1737 2172 1797 vellem

276 1837 626 1906 existimare,
656 1852 836 1913 quam
865 1853 960 1893 me
989 1844 1151 1893 tanta
1188 1835 1261 1893 de
1294 1853 1357 1893 re
1396 1852 1519 1894 non
1550 1852 1688 1894 meo
1725 1833 1969 1893 consilio
1999 1852 2171 1893 usum

276 1953 424 1995 esse.
510 1932 860 2010 Posteaque,
909 1951 1046 1992 cum
1101 1930 1243 1991 mihi
1298 1932 1517 1992 litterae
1572 1949 1610 1992 a
1656 1930 1843 1991 Balbo
1894 1930 2171 1993 Cornelio

274 2034 506 2092 minore
547 2032 762 2092 missae
804 2041 1001 2090 essent
1042 2030 1204 2090 illum
1244 2030 1572 2090 existimare
1608 2029 1894 2102 Quintum
1936 2016 2171 2089 fratrem

273 2131 483 2190 lituum
521 2147 691 2188 meae
728 2128 1107 2206 profectionis
1143 2127 1482 2187 fuisse—ita
1525 2129 1681 2187 enim
1720 2127 2044 2205 scripsit—⁶,
2070 2114 2172 2207 qui

274 2229 547 2288 nondum
586 2243 958 2301 cognossem,
999 2243 1151 2301 quae
1194 2226 1267 2284 de
1310 2243 1408 2283 me
1437 2224 1691 2297 Quintus
1733 2225 2056 2303 scripsisset
2095 2222 2174 2287 ad

167 2339 171 2343 ’
273 2326 513 2394 multoS,
543 2324 650 2383 etsi
678 2322 859 2382 multa
884 2339 1165 2400 praesens
1202 2323 1264 2380 in
1298 2333 1666 2398 praesentem
1705 2325 1913 2384 acerbe
1951 2323 2174 2386 dixerat

274 2434 331 2481 et
380 2422 616 2493 fecerat,
660 2430 861 2479 tamen
902 2419 1081 2479 nihilo
1124 2419 1318 2478 minus
1359 2419 1451 2479 his
1492 2421 1682 2480 verbis
1737 2422 1814 2480 ad
1860 2420 2175 2483 Caesarem

273 2519 518 2597 scripsi:

357 2635 412 2677 a.
458 2622 476 2650 ‘
495 2615 590 2676 De
620 2615 845 2688 Quinto
886 2614 1057 2680 fratre
1093 2633 1230 2675 meo
1266 2633 1394 2676 non
1428 2616 1623 2675 minus
1651 2616 1855 2676 laboro
1883 2636 2060 2696 quam
2096 2619 2172 2677 de
2204 2653 2212 2662 ·

273 2735 369 2776 me
398 2717 551 2793 ipSO,
581 2715 686 2774 sed
715 2731 852 2773 eum
879 2713 981 2772 tibi
1009 2715 1424 2774 commendare
1445 2714 1560 2774 hoc
1588 2704 1723 2773 meo
1753 2725 2020 2791 tempore
2046 2733 2172 2774 non

272 2815 466 2873 audeo
492 2830 512 2887 ς
555 2812 698 2870 illud
725 2812 1026 2870 dumtaxat
1052 2822 1248 2870 tamen
1275 2812 1508 2870 audebo
1538 2822 1736 2890 petere
1770 2812 1876 2871 abs
1902 2820 1979 2882 te,
2008 2811 2171 2888 quod

272 2927 332 2975 te
361 2933 490 2987 oro,
521 2933 597 2972 ne
624 2913 768 2991 quid
805 2913 1100 2974 existimes
1137 2914 1213 2972 ab
1253 2913 1354 2972 illo
1390 2912 1607 2972 factum
1645 2930 1791 2983 esse,
1821 2930 1941 2990 quo
1976 2914 2170 2974 minus

273 3032 410 3072 mea
436 3014 502 3072 in
531 3023 589 3071 te
617 3011 809 3070 officia
836 3021 1172 3070 constarent
1208 3011 1471 3069 minusve
1510 3021 1567 3069 te
1602 3010 1920 3086 diligerem,
1948 3010 2171 3089 potius-

171 3152 177 3157 ·
275 3129 393 3189 que
433 3127 669 3185 semper
709 3108 871 3166 illum
904 3118 1206 3168 auctorem
1247 3117 1483 3166 nostrae
1525 3108 1954 3168 coniunctionis
1994 3108 2171 3168 fuisse

276 3210 514 3285 meique
556 3206 775 3265 itineris
818 3207 1110 3276 comitem,
1146 3223 1269 3263 non
1311 3205 1560 3265 ducem:
1603 3222 1722 3280 qua
1760 3223 1822 3264 re
1865 3205 2068 3265 ceteris
2108 3206 2172 3265 in

275 3307 450 3364 rebus
477 3315 707 3363 tantum
736 3303 789 3362 ei
822 3303 1056 3373 tribueS,
1086 3313 1370 3379 quantum
1398 3302 1725 3362 humanitas
1761 3313 1861 3361 tua
1892 3302 2170 3362 amicitia-

277 3422 393 3483 que
421 3413 615 3462 vestra
642 3401 898 3478 postulat
912 3420 929 3473 ;
974 3419 1089 3478 ego
1127 3401 1180 3461 ei
1217 3419 1291 3459 ne
1321 3401 1461 3478 quid
1499 3401 1658 3480 apud
1693 3412 1749 3460 te
1787 3402 1998 3476 obsim,
2025 3402 2087 3462 id
2112 3411 2174 3463 te

274 3501 652 3562 vehementer
678 3500 853 3559 etiam
882 3507 1056 3575 atque
1084 3499 1259 3559 etiam
1284 3495 1472 3576 rogo!
2164 3486 2168 3495 ’
