2642 3925
438 234 521 319 38
838 292 842 297 .
986 246 1063 296 Μ.
1110 246 1354 299 fourr
1395 248 1774 297 cromoms
2117 233 2254 326 [Pars
2273 254 2338 303 ι.-

438 405 712 464 comitate
752 404 1093 482 complexus
1132 422 1282 477 sum,
1320 404 1763 483 Nymphontem
1802 406 1978 466 etiam
2019 406 2318 485 Colopho-

436 503 633 563 nium:
674 521 825 579 quae
862 502 973 563 feci
1006 504 1222 574 omnia,
1250 521 1375 564 non
1407 522 1527 581 quo
1562 523 1661 565 me
1700 514 1801 563 aut
1832 505 1892 563 hi
1925 504 2193 566 homines
2222 515 2322 567 aut

436 609 561 659 tota
580 602 739 661 natio
761 600 1480 678 delectaret—pertaesum
1500 612 1587 662 est
1607 602 1864 676 levitatiS,
1886 603 2318 677 adsentationis„

436 698 765 757 animorum
804 716 928 757 non
964 697 1189 770 officiiS,
1216 698 1324 757 sed
1359 699 1717 776 temporibus
1754 700 2221 772 servientium—,
2263 718 2319 775 5.

438 794 558 867 sed,
582 805 648 855 ut
675 796 752 855 ad
781 796 1025 855 Zeuxim
1052 806 1318 866 revertar,
1337 814 1471 854 cum
1489 796 1542 856 is
1563 797 1638 855 de
1657 795 1743 855 M.
1763 794 2028 857 Cascellii
2049 815 2319 857 sermone

437 911 639 953 secum
676 892 897 966 habito,
922 911 1077 970 quae
1112 903 1177 952 tu
1215 895 1438 966 scribis,
1476 912 1548 953 ea
1587 895 1715 972 ipsa
1754 894 2098 972 loqueretur,
2125 896 2319 955 obstiti
2387 916 2390 919 ’

438 991 563 1055 eius
593 992 849 1051 sermoni
881 1001 940 1051 et
976 990 1276 1053 hominem
1314 992 1376 1050 in
1413 992 1856 1052 familiaritatem
1890 994 2103 1070 recepi.
2183 991 2319 1053 Tua

434 1101 630 1150 autem
678 1107 831 1166 quae
876 1090 1048 1150 fuerit
1096 1091 1380 1166 cupiditas
1429 1100 1608 1163 tanta,
1649 1091 1867 1163 nescio,
1909 1093 2071 1169 quod
2116 1094 2318 1154 scribis

432 1190 667 1265 cupisse
707 1199 784 1259 te,
826 1188 1105 1265 quoniam
1148 1186 1430 1264 Smyrnae
1480 1189 1629 1247 duos
1676 1188 1883 1265 Mysos
1935 1190 2211 1250 insuisses
2256 1191 2320 1251 in

432 1286 678 1357 culeum,
708 1286 894 1345 simile
920 1286 981 1343 in
1007 1286 1309 1362 superiore
1339 1296 1502 1364 parte
1535 1286 1870 1362 provinciae
1908 1288 2081 1346 edere
2121 1306 2318 1347 exem-

432 1386 597 1461 plum
659 1383 970 1443 severitatis
1025 1392 1161 1442 tuae
1212 1392 1272 1442 et
1326 1383 1543 1443 idcirco
1600 1383 1845 1443 Zeuxim
1898 1384 2102 1444 elicere
2155 1387 2318 1446 omni

432 1478 657 1536 ratione
704 1477 974 1548 voluisse,
1018 1495 1195 1553 quem
1249 1477 1568 1536 adductum
1621 1478 1684 1536 in
1737 1478 2014 1537 iudicium
2068 1478 2317 1541 fortasse

434 1574 643 1633 dimitti
671 1591 796 1633 non
824 1582 1175 1651 oportuerat,
1204 1574 1468 1651 conquiri
1493 1592 1632 1633 vero
1660 1584 1721 1633 et
1756 1574 1882 1634 elici
1919 1575 2224 1648 blanditiis,
2251 1586 2316 1636 ut

433 1685 497 1733 tu
535 1674 754 1745 scribis,
786 1674 863 1732 ad
902 1672 1179 1732 iudicium
1219 1690 1461 1731 necesse
1497 1690 1621 1731 non
1651 1672 1776 1744 fuit,
1803 1692 1939 1731 eum
1975 1675 2311 1750 praesertim

434 1771 752 1842 hominem,
780 1789 959 1848 quem
994 1787 1109 1847 ego
1147 1780 1205 1830 et
1236 1789 1309 1829 ex
1348 1769 1468 1829 suis
1505 1770 1726 1830 civibus
1762 1780 1822 1830 et
1857 1790 1930 1829 ex
1966 1772 2160 1831 multis
2194 1772 2317 1831 aliis

432 1870 696 1948 quotidie
740 1869 928 1946 magis
973 1885 1275 1945 cognosco
1320 1868 1667 1927 nobiliorem
1713 1886 1843 1928 esse
1896 1886 2082 1946 prope
2138 1888 2316 1948 quam

434 1970 721 2030 civitatem
770 1985 954 2028 suam.
1052 1969 1107 2028 6.
1151 1971 1167 2000 ‘
1183 1968 1265 2026 At
1307 1967 1467 2025 enim
1516 1966 1758 2026 Graecis
1805 1968 1945 2027 solis
2001 1968 2314 2045 indulgeo!

434 2067 635 2140 Quid?
675 2064 745 2126 L.
787 2064 1107 2126 Caecilium
1143 2084 1345 2125 nonne
1377 2066 1540 2124 omni
1576 2066 1802 2125 ratione
1836 2066 2095 2143 placavi?
2135 2086 2315 2144 quem

429 2165 769 2223 hominem!
814 2182 930 2241 qua
971 2165 1089 2222 iral
1133 2180 1253 2239 quo
1294 2163 1533 2240 spiritui
1581 2180 1759 2239 quem
1800 2163 2049 2241 denique
2091 2176 2317 2240 praeter

432 2261 811 2333 Tuscenium,
839 2260 1001 2320 cuius
1038 2279 1215 2319 causa
1248 2261 1440 2319 sanari
1472 2277 1597 2319 non
1629 2269 1839 2337 potest,
1868 2278 1993 2319 non
2018 2262 2312 2338 mitigavi?

431 2360 591 2421 Ecce
637 2377 816 2436 supra
870 2368 1048 2436 caput
1093 2359 1276 2418 homo
1333 2358 1471 2418 levis
1515 2377 1586 2418 ac
1634 2359 1917 2430 sordidus
1961 2361 2066 2419 sed
2114 2370 2312 2422 tamen

433 2458 687 2534 equestri
727 2475 925 2529 censu,
970 2455 1281 2516 Catienus:
1324 2457 1500 2515 etiam
1541 2457 1590 2514 is
1629 2454 1902 2530 lenietur;
1944 2459 2106 2517 cuius
2146 2468 2212 2518 tu
2253 2460 2315 2519 in

429 2567 657 2634 patrem
685 2556 849 2632 quod
876 2556 1030 2614 fuisti
1058 2555 1333 2631 asperior,
1363 2572 1485 2613 non
1522 2554 1918 2631 reprehendo;
1960 2566 2119 2615 certo
2157 2558 2315 2616 enim

430 2655 558 2716 scio
584 2653 877 2713 te'fecisse
905 2671 1041 2713 cum
1080 2670 1288 2723 causa3
1335 2652 1442 2712 sed
1478 2651 1620 2729 quid
1655 2668 1806 2729 opus
1842 2652 1950 2712 fuit
1986 2655 2112 2713 eius
2150 2655 2315 2715 modi

428 2753 643 2824 litteriS,
671 2770 825 2829 quas
847 2751 924 2811 ad
950 2751 1147 2829 ipsum
1169 2751 1416 2810 misisti?
1492 2755 1508 2781 ‘
1526 2748 1697 2808 Illum
1724 2768 1956 2810 crucem
1985 2751 2093 2810 sibi
2119 2752 2314 2828 ipsum

429 2853 800 2922 constituere,
822 2869 897 2910 ex
920 2867 1037 2928 qua
1056 2858 1122 2909 tu
1142 2866 1278 2907 eum
1306 2858 1443 2907 ante
1471 2847 1848 2920 detraxisses3
1877 2858 1936 2907 te
1964 2858 2312 2921 curaturum,

429 2951 593 3009 fumo
635 2960 701 3008 ut
741 2949 1193 3019 combureretur,
1221 2946 1532 3024 plaudente
1574 2955 1698 3004 tota
1736 2947 2066 3023 provincia!
2151 2946 2313 3019 Quid
2399 3001 2410 3008 .

428 3064 565 3106 vero
622 3046 699 3105 ad
754 3045 823 3107 C.
866 3046 1113 3105 Fabium
1167 3045 1368 3104 nescio
1417 3062 1592 3121 quem
1607 3044 1852 3103 ?—nam
1899 3062 2031 3104 eam
2076 3062 2311 3123 quoque

429 3143 737 3221 epistolam
774 3143 849 3203 T.
884 3143 1162 3204 Catienus
1198 3143 1706 3218 circumgestat—⁶
1721 3143 2034 3202 renuntiari
2065 3143 2172 3202 tibi
2211 3143 2311 3202 Li-

430 3243 647 3301 cinium
675 3241 1019 3319 plagiarium
1047 3259 1182 3300 cum
1211 3258 1318 3300 suo
1348 3239 1507 3316 pullo
1534 3238 1775 3299 miluino
1800 3240 2013 3298 tributa
2041 3238 2309 3317 exigere!

429 3339 661 3398 Deinde
728 3356 903 3414 rogas
966 3338 1231 3409 Fabium,
1286 3347 1353 3396 ut
1406 3346 1465 3396 et
1517 3345 1744 3416 patrem
1794 3347 1856 3396 et
1911 3338 2093 3398 filium
2148 3339 2312 3398 vivos

431 3438 755 3507 comburat,
799 3435 847 3494 si
889 3435 1108 3512 possit3
1158 3435 1207 3493 si
1246 3434 1460 3505 minus,
1507 3434 1584 3495 ad
1626 3443 1684 3494 te
1723 3434 1928 3506 mittat,
1969 3436 2053 3495 uti
2095 3434 2311 3496 iudicio
