2642 3925
372 292 456 358 ερ.
489 275 596 363 55.]
789 289 1015 345 EPIST.
1059 287 1160 340 AD
1202 287 1536 341 AYTIcvM
1580 289 1732 341 vm.
1778 298 1839 365 9.
2132 295 2251 366 139

367 444 502 505 belli
543 442 737 512 fuisse,
771 439 878 501 etsi
919 439 980 500 id
1019 458 1080 502 re
1122 451 1494 518 perspectum
1535 450 1638 513 est,
1675 451 1872 501 tamen
1914 455 1988 502 eo
2029 441 2251 520 scripsi,

367 542 568 620 quoin
589 538 892 599 suadendo
914 538 1046 615 plus
1072 540 1429 599 auctoritatis
1456 539 1748 611 haberem,
1770 540 2096 617 eodemque
2126 551 2253 617 per·

366 642 523 710 tinet,
554 637 717 715 quod
756 651 994 695 causam
1027 637 1151 696 eius
1177 638 1384 714 probo.
1471 652 1527 695 a.
1571 636 1689 696 Sed
1716 638 1857 714 quid
1882 637 2028 696 haec
2057 639 2252 698 nunc?

367 739 589 797 utinam
627 734 844 809 aliquid
884 732 1207 810 profectum
1249 736 1437 793 esset!
1476 750 1551 793 ne
1592 750 1707 811 ego
1751 736 1889 793 istas
1934 735 2147 794 litteras
2190 736 2252 793 in

367 835 643 896 contione
691 831 912 890 recitari
955 830 1147 902 velim,
1188 830 1240 890 si
1285 831 1523 909 quidem
1568 832 1660 891 ille
1709 832 1834 907 ipse
1881 833 1957 892 ad
2001 829 2255 892 eundem

367 934 626 993 scribens
662 929 723 987 in
764 927 998 1005 publico
1035 929 1344 1006 proposuit
1380 930 1688 1005 epistolam
1733 930 1905 1000 illam,
1933 929 1994 988 in
2022 946 2138 1006 qua
2166 940 2254 989 est

371 1034 387 1061 ⁸
407 1044 515 1105 pro
544 1028 657 1086 tuis
684 1027 857 1085 rebus
880 1026 1058 1102 gestis
1079 1024 1485 1101 amplissimis!
1569 1027 2039 1105 Amplioribusne
2077 1041 2254 1105 quam

368 1127 502 1195 suis,
551 1141 730 1201 quam
785 1122 1087 1182 Africani?
1175 1121 1268 1181 Ita
1320 1132 1553 1200 tempus
1606 1124 1856 1195 ferebat;
1915 1126 1965 1183 si
2017 1125 2255 1201 quidem

369 1224 545 1283 etiam
583 1240 690 1281 vos
740 1221 858 1280 duo
900 1220 1044 1280 mles
1083 1219 1161 1279 ad
1201 1217 1470 1297 quintum
1511 1222 2057 1300 miliarium,·—quid
2098 1237 2255 1281 nunc

367 1320 561 1396 ipsum
588 1320 745 1378 unde
773 1338 837 1378 se
864 1318 1178 1394 recipienti,
1200 1318 1344 1395 quid
1367 1320 1580 1394 agenti,
1600 1320 1739 1397 quid
1766 1321 2005 1380 acturo?
2035 1329 2255 1397 quanto

369 1427 565 1478 autem
609 1416 858 1476 ferocius
899 1417 992 1476 ille
1037 1433 1245 1475 causae
1286 1431 1430 1475 suae
1476 1416 1745 1490 confidet,
1782 1434 1917 1477 cum
1959 1435 2080 1488 vos,
2120 1433 2256 1476 cum

369 1515 541 1575 vestri
571 1515 786 1573 similes
815 1531 937 1573 non
964 1514 1148 1573 modo
1174 1513 1523 1590 frequenteS,
1554 1516 1658 1575 sed
1691 1515 1843 1574 laeto
1869 1516 2027 1574 voitu
2063 1527 2257 1592 gratu·

368 1613 555 1674 hntes
583 1610 825 1670 viderit?
894 1616 910 1644 ‘
930 1611 1092 1671 Num
1118 1612 1290 1689 igitur
1316 1628 1631 1688 peccamus
1651 1612 1699 1672 ?'
1729 1615 1968 1672 minime
1994 1625 2100 1672 vos
2128 1613 2256 1690 qui-

368 1710 545 1781 dcm3
595 1708 700 1769 sed
740 1720 936 1770 tamen
977 1710 1148 1786 signa
1187 1711 1617 1782 conturbantur,
1660 1710 1868 1786 quibus
1915 1710 2181 1768 voluntas
2221 1727 2259 1768 a

370 1807 734 1867 simulatione
764 1807 1035 1883 distingui
1063 1815 1281 1885 posset.
1361 1805 1534 1879 Quae
1561 1822 1698 1865 vero
1728 1816 1963 1866 senatus
1991 1807 2258 1866 consulta

369 1906 580 1966 video?
624 1906 728 1966 sed
763 1907 1031 1983 apertius,
1062 1924 1239 1984 quam
1267 1921 1708 1985 proposueram.
1796 1923 1849 1980 3.
1889 1904 2022 1981 Ego
2051 1904 2257 1982 Arpini

372 2004 503 2063 volo
532 2022 660 2063 esse
689 2004 874 2079 pridie
903 2003 1054 2075 Kal„
1079 2002 1290 2062 deinde
1317 2002 1533 2062 circum
1555 2002 1774 2061 villulas
1802 2012 2028 2061 nostras
2048 2016 2256 2074 errare,

371 2120 517 2179 quas
545 2102 798 2159 visurum
827 2119 922 2160 me
950 2110 1156 2177 postea
1184 2100 1499 2175 desperavi.
1585 2102 1779 2173 Εὐγενῆ
1806 2112 1907 2159 tua
1934 2099 2173 2159 consilia
2201 2109 2260 2160 et

370 2209 568 2258 tamen
596 2216 705 2275 pro
740 2199 1100 2274 temporibus
1135 2214 1259 2256 non
1296 2198 1528 2256 incauta
1563 2196 1705 2255 mihi
1733 2197 1898 2256 valde
1924 2199 2254 2273 probantur.

372 2296 600 2378 Lepido
642 2295 1099 2372 quidem—nam
1141 2294 1260 2353 fere
1303 2294 1774 2369 συνδιημερεύομεν,
1804 2295 1965 2371 quod
2004 2296 2259 2372 gratissi·

370 2411 533 2452 mum
588 2393 666 2450 illi
720 2402 1213 2468 est—numquam
1266 2390 1484 2468 placuit
1527 2409 1601 2452 ex
1647 2391 1814 2450 Italia
1861 2393 2036 2465 exire,
2085 2392 2259 2452 Tullo

372 2490 555 2549 multo
592 2490 816 2560 minus3
862 2491 1064 2547 crebro
1106 2488 1264 2549 enim
1304 2488 1453 2547 iilius
1494 2487 1714 2547 litterae
1755 2491 1831 2547 ab
1872 2489 1995 2548 aliis
2036 2490 2111 2548 ad
2148 2507 2260 2549 nos

373 2597 722 2647 commeant.
809 2586 925 2644 Sed
989 2604 1087 2644 me
1152 2585 1382 2645 illorum
1438 2586 1760 2644 sententiae
1814 2587 2008 2645 minus
2062 2604 2261 2645 move·

372 2686 546 2755 bant3
602 2686 797 2743 minus
845 2683 1027 2742 multa
1072 2683 1355 2743 dederant
1400 2683 1479 2740 illi
1525 2684 1609 2741 rei
1657 2683 1923 2759 publicae
1976 2684 2260 2760 pignora:

372 2792 474 2842 tua
526 2801 623 2841 me
681 2782 914 2840 hercule
968 2782 1279 2841 auctoritas
1347 2780 1720 2839 vehementer
1784 2791 2010 2852 movet3
2078 2781 2263 2840 adfert

375 2881 531 2963 enim
580 2888 638 2938 et
687 2880 887 2957 reliqui
929 2880 1205 2955 temporis
1245 2878 1626 2954 recuperandi
1666 2878 1956 2947 rationem⁸
1993 2887 2051 2937 et
2092 2896 2258 2954 prae·

374 2979 556 3036 sentis
598 2976 812 3036 tuendi.
897 2975 1032 3048 Sed,
1061 2977 1306 3036 obsecro
1344 2985 1419 3047 te,
1448 2974 1589 3052 quid
1629 2973 1745 3033 hoc
1781 2974 2045 3033 miserius
2085 2993 2262 3052 quam

375 3075 616 3134 alterum
671 3075 906 3152 plausus
960 3075 1020 3133 in
1073 3074 1412 3132 foedissima
1458 3090 1636 3131 causa
1683 3089 1976 3148 quaerere,
2021 3073 2260 3131 alterum

373 3173 731 3232 offensiones
765 3174 826 3231 in
862 3172 1125 3248 optima?
1166 3171 1408 3230 alterum
1446 3169 1759 3229 existimari
1791 3170 2262 3230 conservatorem

374 3269 761 3340 inimicorum,
790 3270 1032 3328 alterum
1060 3270 1416 3328 desertorem
1445 3269 1806 3327 amicorum?
1848 3278 1906 3326 et
1941 3267 2266 3327 mehercule

377 3368 642 3444 quamvis
698 3385 983 3426 amemus·
1018 3364 1288 3427 Gnaeum
1343 3379 1623 3439 nostrum,
1680 3375 1743 3424 ut
1796 3377 1853 3425 et
1907 3365 2149 3425 facimus
2208 3376 2267 3426 et

378 3464 676 3536 debemus,
725 3475 920 3524 tamen
973 3463 1109 3540 hoc,
1157 3462 1317 3546 quod
1369 3464 1576 3524 talibus
1630 3462 1762 3523 viris
1817 3481 1939 3523 non
1988 3465 2267 3538 subvenit,
