2642 3925
470 246 558 319 χο»
887 284 901 301 ε
998 242 1085 300 Μ.
1136 203 1377 299 wrm
1418 240 1797 301 crcmmvrs
1893 292 1897 296 ,
2114 223 2253 316 [pm
2284 240 2351 290 11.

466 391 778 459 Lentulum
807 401 1069 451 nostrum
1099 391 1313 450 eximia
1340 409 1446 468 spe
1474 409 1738 451 summae
1765 389 1985 449 virtutis
2013 388 2353 450 adulescen-

466 499 584 547 tem
613 507 750 548 cum
778 489 981 548 ceteris
1010 489 1245 559 artibus3
1268 488 1479 572 quibus
1507 488 1772 547 studuisti
1798 503 2031 562 semper
2056 487 2198 563 ipse,
2226 497 2351 544 tum

469 683 852 759 praestantior
888 682 1229 759 disciplina:
1272 700 1451 759 quem
1479 700 1604 748 nos.
1632 692 1689 742 et
1717 683 1853 759 quia
1880 693 2012 740 tuus
2048 690 2106 739 et
2133 679 2270 758 quia
2297 691 2356 738 te

468 778 679 855 dignus
718 789 811 839 est
836 780 984 838 filius
1025 790 1083 839 et
1110 781 1246 857 quia
1285 797 1399 839 nos
1442 781 1626 856 diligit
1666 797 2013 857 semperque
2051 777 2266 847 dilexit,
2296 777 2358 836 in

468 877 667 954 primis
695 895 961 936 amamus
989 895 1302 955 carumque
1332 877 1634 937 habemus.

857 1054 954 1112 27.
1034 1049 1150 1112 AD
1190 1049 1693 1110 FAMILIARES
1735 1049 1877 1110 v11.
1919 1065 1975 1125 5.

755 1165 889 1229 Sca.
933 1164 1154 1226 Rom
1195 1183 1385 1226 unsa
1424 1164 1676 1225 Mam-10
1716 1182 1885 1225 amc.
1929 1178 2066 1239 700.

1009 1290 1216 1333 emano
1255 1290 1499 1333 cassan
1539 1291 1659 1333 mr.
1700 1290 1746 1332 s.
1773 1291 1831 1332 n.

564 1401 612 1442 r.
641 1382 817 1457 an,
832 1402 1011 1461 quam
1037 1384 1180 1443 mihi
1197 1386 1585 1462 persuaserim
1604 1395 1663 1445 te
1690 1403 1786 1445 me
1816 1403 1944 1445 esse
1973 1385 2216 1450 alterum
2237 1404 2363 1445 non

477 1483 661 1541 modo
702 1482 763 1542 in
802 1484 873 1543 iis
912 1485 1101 1554 rebuS,
1132 1501 1281 1561 quae
1323 1484 1402 1543 ad
1439 1503 1536 1543 me
1577 1485 1786 1561 ipsum,
1815 1484 1920 1544 sed
1960 1484 2134 1543 etiam
2176 1485 2234 1542 in
2273 1485 2360 1555 iis,

477 1597 628 1656 quae
669 1580 743 1639 ad
784 1599 952 1640 meos
993 1569 1320 1658 pertinent:
1364 1579 1433 1641 C.
1465 1580 1807 1640 Trebatium
1848 1582 2185 1658 cogitaram,
2214 1601 2365 1660 quo⁴

478 1696 726 1755 cumque
776 1681 1010 1751 exirem,
1060 1698 1292 1739 mecum
1341 1680 1573 1751 ducere,
1613 1689 1680 1739 ut
1720 1698 1857 1739 eum
1899 1680 2047 1739 meis
2089 1682 2365 1739 omnibus

478 1777 698 1848 studiiS,
726 1778 1022 1837 beneficiis
1051 1771 1231 1855 quam'
1257 1778 1696 1836 ornatissimum
1738 1777 1983 1837 domum
2010 1778 2364 1837 reducerem.

479 1874 596 1933 Sed
625 1884 830 1951 postea
866 1892 1045 1952 quam
1086 1884 1144 1934 et
1171 1873 1437 1951 Pompeii
1466 1872 1849 1932 commoratio
1878 1872 2199 1933 diuturnior
2224 1883 2365 1945 erat,

478 1992 654 2049 quam
681 1983 964 2050 putaram,
984 1985 1048 2033 et
1078 1992 1216 2033 mea
1243 1973 1533 2051 quaedam
1563 1972 1666 2031 tibi
1695 1990 1817 2031 non
1845 1973 2048 2050 ignota
2085 1971 2368 2032 dubitatio

478 2084 576 2130 aut
629 2071 905 2149 impedire
969 2070 1394 2148 profectionem
1459 2088 1653 2129 meam
1706 2070 2006 2129 videbatur
2059 2081 2157 2128 aut
2212 2080 2368 2129 certe

480 2168 724 2238 tardare,
752 2169 898 2239 vide,
928 2167 1070 2245 quid
1097 2167 1240 2226 mihi
1267 2168 1653 2244 sumpserim:
1697 2167 1865 2243 coepi
1886 2167 2029 2226 velle
2056 2185 2127 2227 ea
2143 2166 2370 2226 Treba-

481 2266 625 2323 tium
651 2274 988 2340 exspectare
1018 2283 1055 2323 a
1080 2274 1154 2337 te,
1184 2282 1336 2342 quae
1374 2274 1663 2340 sperasset
1700 2283 1736 2323 a
1766 2282 1880 2335 me,
1911 2281 2102 2341 neque
2143 2264 2380 2323 meher-

484 2361 609 2421 cule
653 2362 847 2420 minus
895 2362 949 2419 ei
1004 2362 1227 2438 prolixe
1274 2362 1350 2420 de
1397 2371 1497 2419 tua
1539 2361 1834 2421 voluntate
1882 2362 2141 2439 promisi,
2191 2380 2372 2439 quam

484 2477 642 2517 eram
687 2457 886 2518 solitus
935 2459 1009 2517 de
1050 2476 1183 2516 mea
1226 2457 1502 2535 polliceri.
1589 2478 1641 2518 2.
1684 2458 1871 2519 Casus
1913 2476 2053 2518 vero
2096 2461 2373 2520 mirificus
2481 2519 2495 2533 ,

484 2557 722 2634 quidam
749 2556 1051 2615 intervenit
1070 2557 1236 2632 quasi
1256 2554 1346 2614 vel
1374 2555 1535 2616 testis
1562 2556 1855 2632 opinionis
1883 2574 2052 2615 meae
2074 2555 2163 2615 vel
2192 2575 2375 2634 spon·

486 2673 583 2713 sor
603 2653 973 2713 humanitatis
1001 2664 1159 2713 tuae:
1201 2671 1341 2713 nam
1370 2671 1505 2712 cum
1536 2654 1609 2713 de
1629 2653 1745 2713 hoc
1773 2653 1904 2732 ipso
1928 2653 2207 2713 Trebatio
2236 2673 2377 2714 cum

486 2751 672 2812 Balbo
700 2760 902 2811 nostro
930 2752 1200 2830 loquerer
1227 2752 1550 2811 accuratius
1581 2751 1743 2811 domi
1769 2769 1956 2822 meae,
1986 2752 2204 2811 litterae
2231 2754 2379 2814 mihi

487 2851 697 2909 dantur
736 2869 773 2909 a
814 2860 887 2922 te,
936 2850 1146 2927 quibus
1194 2849 1256 2909 in
1303 2850 1581 2908 extremis
1635 2850 1912 2925 scriptum
1959 2859 2113 2908 erat:
2174 2855 2189 2881 ‘
2209 2849 2294 2910 Μ.
2337 2854 2381 2921 †

488 2948 748 3019 itfiuium,
768 2966 945 3024 quem
972 2945 1115 3005 mihi
1143 2947 1541 3016 commendas,
1566 2946 1653 3005 vel
1683 2965 1883 3023 regem
1905 2945 2127 3006 Galliae
2147 2946 2380 3020 faciam,

488 3045 574 3104 vel
610 3045 767 3105 hunc
802 3049 842 3116 †
867 3045 1092 3122 Leptae
1136 3045 1357 3121 delega,
1387 3044 1437 3104 si
1463 3044 1581 3103 vis:
1622 3054 1686 3104 tu
1726 3044 1803 3103 ad
1842 3062 1939 3104 me
1981 3045 2154 3102 alium
2196 3046 2382 3119 mitte,

488 3163 665 3221 quem
693 3143 933 3204 ornem?
1005 3143 1353 3202 Sustulimus
1380 3161 1589 3202 manus
1616 3153 1674 3203 et
1702 3162 1816 3221 ego
1845 3153 1903 3203 et
1920 3141 2171 3202 Balbus:
2214 3152 2385 3203 tanta

488 3241 592 3300 suit
625 3240 1048 3317 opportunitas,
1077 3251 1140 3298 ut
1169 3239 1307 3300 illud
1345 3241 1546 3300 nescio
1583 3241 1724 3317 quid
1763 3258 1886 3301 non
1925 3239 2240 3310 fortuitum,
2273 3240 2386 3299 sed

488 3339 745 3401 divinum
786 3339 1083 3399 videretur.
1173 3336 1348 3396 Mitto
1396 3337 1568 3414 igitur
1611 3338 1685 3396 ad
1730 3348 1785 3397 te
1816 3337 2159 3397 Trebatium
2203 3347 2388 3415 atque

487 3435 565 3494 ita
607 3436 789 3506 mitto,
831 3444 899 3494 ut
937 3433 1100 3493 initio
1142 3446 1275 3495 mea
1316 3444 1544 3512 sponte,
1578 3446 1713 3512 post
1754 3447 1949 3496 autem
1992 3435 2230 3493 invitatu
2259 3445 2385 3503 ‚tuo
