2642 3925
283 262 368 324 Ep.
405 245 541 330 113.]
667 257 894 308 EPIST.
942 257 1040 306 AD
1082 256 1527 315 FAMILIARES
1562 255 1658 305 xz.
1709 257 1807 322 27.
2043 255 2079 310 ,2
2088 257 2158 322 31

283 419 417 468 ante
443 409 659 470 bellum
688 407 866 479 civile,
891 426 1024 478 cum
1054 406 1268 468 Caesar
1293 415 1449 466 esset
1475 406 1535 464 in
1558 403 1781 464 Gallia:
1824 400 1985 480 quod
2012 401 2167 459 enim

281 507 650 564 vehementer
714 505 853 563 mihi
908 505 1044 563 utile
1112 524 1240 564 esse
1296 505 1541 582 putabas
1610 521 1722 562 nec
1791 498 1997 568 inutilev
2059 496 2168 574 ipsi

285 603 539 675 Caesari,
570 603 875 681 perfecisti,
905 615 968 662 ut
1002 604 1092 662 ille
1134 622 1231 662 me
1267 603 1545 678 diligeret,
1576 601 1807 672 coleret,
1834 599 2071 660 haberet
2109 597 2169 652 in

285 703 420 761 suis.
508 701 696 761 Multa
743 711 1057 778 praetereo,
1101 719 1251 777 quae
1295 700 1655 777 temporibus
1703 697 1812 756 illis
1860 697 2009 756 inter
2054 710 2167 752 nos

285 799 726 861 familiarissime
770 799 938 870 dicta,
968 799 1193 875 scripta,
1224 799 1653 857 communicata
1695 805 1865 867 sunt3
1907 793 2171 868 graviora

287 898 449 957 enim
489 908 805 956 consecuta
845 907 996 957 sunt.
1082 917 1135 973 3.
1177 897 1395 955 Etenim
1436 897 1598 954 initio
1639 895 1773 953 belli
1814 893 1991 953 civilis
2032 908 2167 950 cum

287 993 662 1052 Brundisium
704 1013 902 1052 versus
945 995 1059 1053 ires
1102 995 1179 1054 ad
1228 994 1565 1074 Caesarem,
1595 992 1800 1052 venisti
1849 988 1923 1053 ad
1968 1007 2061 1046 me
2108 988 2174 1046 in-

286 1091 684 1151 Formianum.
767 1091 1023 1150 Primum
1053 1092 1167 1151 hoc
1197 1093 1391 1167 ipsum
1418 1091 1635 1169 quanti,
1660 1087 1996 1166 praesertim
2024 1096 2177 1158 tem-4

287 1189 532 1269 poribus
585 1189 728 1248 illis!
811 1189 1043 1248 Deinde
1091 1190 1336 1248 oblitum
1384 1207 1481 1248 me
1537 1197 1706 1265 putas
1762 1184 2003 1252 consilii,
2052 1201 2170 1242 ser-

290 1287 502 1359 monis,
530 1285 900 1346 humanitatis
939 1288 1110 1345 tuae?
1153 1288 1363 1364 quibus
1400 1287 1576 1346 rebus
1615 1287 1893 1344 interesse
1933 1280 2171 1340 memini

293 1386 650 1445 Trebatium.
732 1384 862 1444 Nec
910 1404 1048 1444 vero
1105 1404 1236 1444 sum
1289 1385 1500 1444 oblitus
1554 1384 1867 1443 litterarum
1924 1392 2180 1452 tuarum,-

292 1502 439 1560 quas
467 1484 542 1542 ad
570 1503 664 1542 me
692 1482 912 1555 misisti,
944 1502 1079 1542 cum
1109 1481 1343 1542 Caes-ari
1372 1483 1605 1541 obviam
1633 1478 1985 1543 venissesin
2010 1493 2173 1554 agre,

295 1593 359 1641 ut
413 1583 670 1652 arbitror,
719 1581 1075 1641 Trebulano.
1160 1601 1213 1654 4.
1259 1581 1535 1640 Secutum
1590 1580 1729 1646 illud
1782 1588 2012 1655 tempus
2044 1586 2174 1646 -est,

295 1699 431 1750 cum
459 1699 554 1739 me
592 1679 666 1739 ad
695 1679 1044 1755 Pompeium
1081 1680 1370 1756 proficisci
1403 1680 1523 1738 sive
1555 1679 1744 1754 pudor
1780 1676 2176 1751 meus-coegit
2223 1707 2227 1712 ·

296 1780 414 1838 sive
443 1778 691 1837 officium
723 1779 840 1837 sive
869 1777 1135 1836 fortuna:
1178 1777 1339 1856 quod
1367 1777 1622 1837 officium
1656 1787 1836 1846 tuum,
1866 1774 2029 1851 quod
2057 1782 2177 1832 stu-

297 1877 458 1936 dium
486 1876 662 1934 vel-in
704 1877 1007 1935 absentem
1047 1893 1143 1934 me
1171 1875 1257 1934 vel
1292 1876 1355 1932 in
1382 1884 1713 1951 praesentes
1753 1890 1919 1957 meos
1957 1869 2176 1930 defuit?

297 1993 473 2053 quem
503 1993 677 2051 porro
704 1992 912 2033 omnes
945 1974 1061 2031 mei
1090 1985 1145 2032 et
1183 1974 1326 2031 mihi
1354 1984 1410 2033 et
1439 1973 1543 2032 sibi
1573 1983 1630 2031 te
1666 1971 2001 2030 amiciorem
2030 1968 2175 2027 iudi·

297 2074 606 2133 caverunt?
689 2072 845 2130 Veni
885 2070 1288 2129 Brundisium:
1333 2071 1653 2129 oblitumne
1697 2087 1793 2128 me
1834 2081 2023 2146 putaS,
2062 2085 2179 2144 qua

299 2171 604 2242 celeritate,
633 2179 696 2229 ut
723 2169 972 2245 primum
1013 2169 1278 2240 audieris„
1309 2169 1387 2227 ad
1424 2187 1520 2227 me
1549 2167 1810 2227 Tarento
1854 2166 2179 2245 advolaris?

299 2286 450 2345 quae
500 2277 598 2326 tua
643 2266 814 2325 fuerit
861 2266 1138 2335 adsessiO,
1181 2265 1383 2337 orati0,
1427 2264 1787 2325 confirmatio
1841 2264 2017 2325 animi
2064 2264 2179 2325 mei

298 2365 462 2425 fracti
517 2364 916 2424 communium
970 2363 1329 2422 miseriarum
1378 2366 1579 2423 metu?
1662 2380 1715 2438 5.
1760 2364 2031 2423 Tandem
2081 2362 2179 2421 ali-

298 2463 536 2540 quando
566 2462 795 2521 Romae
823 2480 951 2538 esse
981 2462 1316 2538 coepimus:
1360 2462 1502 2539 quid
1536 2461 1716 2521 defuit
1752 2473 1985 2523 nostrae
2014 2461 2179 2521 sami-

299 2561 566 2620 liaritati?
649 2558 720 2617 In
760 2560 1028 2617 maximis
1058 2560 1230 2617 rebus
1272 2576 1534 2636 quonam
1574 2558 1753 2618 modo
1782 2576 2044 2634 gererem
2084 2576 2180 2618 me

300 2658 574 2719 adversus
621 2657 933 2717 Caesarem
989 2675 1128 2715 usus
1182 2666 1284 2717 tuo
1342 2656 1583 2716 consilio
1638 2674 1786 2725 sum,
1835 2655 1897 2714 in
1950 2654 2182 2731 reliquis

244 2812 257 2826 ,
299 2757 525 2815 officio:
567 2755 662 2815 cui
707 2766 768 2813 tu
815 2753 1060 2813 tribuisti
1105 2764 1352 2829 excepto
1398 2753 1649 2813 Caesare
1692 2761 1921 2829 praeter
1963 2769 2076 2822 me,
2119 2762 2183 2810 ut

299 2854 544 2912 domum
570 2852 878 2911 ventitares
905 2851 1194 2927 horasque
1233 2850 1443 2910 multas
1480 2869 1655 2927 saepe
1690 2849 2030 2909 suavissimo
2064 2867 2181 2911 ser-

299 2971 477 3012 mone
507 2949 922 3011 consumeres?
966 2960 1105 3020 tum,
1129 2967 1266 3007 cum
1294 2950 1485 3020 etiam,
1512 2950 1559 3007 si
1587 2948 1919 3019 meministi,
1947 2958 2011 3007 ut
2037 2947 2181 3007 haec

299 3048 734 3123 φιλοσοφούμενα
775 3047 1102 3118 scriberem,
1129 3055 1193 3105 tu
1233 3063 1329 3105 me
1363 3047 1657 3122 impulisti.
1738 3046 1883 3106 Post
1919 3046 2185 3107 Caesaris

300 3148 564 3217 reditum,
594 3145 734 3222 quid
770 3145 873 3204 tibi
916 3144 1121 3204 maiori
1160 3162 1333 3202 curae
1373 3144 1493 3214 fuit,
1522 3161 1701 3220 quam
1737 3155 1800 3203 ut
1836 3140 2025 3204 essem
2068 3161 2183 3220 ego

301 3244 379 3303 illi
425 3262 602 3321 quam
645 3242 1160 3301 familiarissimus?
1202 3240 1365 3317 quod
1414 3241 1706 3301 effeceras·
1793 3242 1847 3300 6.
1886 3243 2183 3313 Quorsum

300 3342 472 3418 igitur
520 3340 665 3398 haec
708 3340 894 3398 oratio
943 3339 1188 3415 longior,
1232 3355 1410 3413 quam
1459 3339 1767 3413 putaram?
1851 3336 2006 3409 Quia
2053 3354 2185 3395 sum

302 3439 618 3497 admiratus
662 3445 736 3509 te,
779 3436 880 3513 qui
918 3435 1071 3506 ,haec
1119 3452 1296 3495 nosse
1340 3435 1605 3507 deberes,
1645 3435 1958 3512 quicquam
2005 3450 2043 3491 a
2087 3451 2183 3515 me
