<?xml version="1.0" encoding="UTF-8"?>
<!DOCTYPE html PUBLIC "-//W3C//DTD XHTML 1.0 Transitional//EN"
    "http://www.w3.org/TR/xhtml1/DTD/xhtml1-transitional.dtd">
<html xmlns="http://www.w3.org/1999/xhtml" xml:lang="en" lang="en">
 <head>
  <title>
</title>
<meta http-equiv="Content-Type" content="text/html;charset=utf-8" />
  <meta name='ocr-system' content='tesseract 3.04.00' />
  <meta name='ocr-capabilities' content='ocr_page ocr_carea ocr_par ocr_line ocrx_word'/>
</head>
<body>
  <div class='ocr_page' id='page_1' title='image "./mtulliiciceroni00watsgoog_0159.png"; bbox 0 0 2642 3925; ppageno 0'>
   <div class='ocr_carea' id='block_1_1' title="bbox 325 250 2217 336">
    <p class='ocr_par' dir='ltr' id='par_1_1' title="bbox 325 250 2217 336">
     <span class='ocr_line' id='line_1_1' title="bbox 325 250 2217 336; baseline 0.002 -25"><span class='ocrx_word' id='word_1_1' title='bbox 325 262 410 327; x_wconf 70' lang='lat' dir='ltr'><strong>tp.</strong></span> <span class='ocrx_word' id='word_1_2' title='bbox 433 273 514 326; x_wconf 82' lang='lat'><strong>57,</strong></span> <span class='ocrx_word' id='word_1_3' title='bbox 542 250 654 333; x_wconf 60' lang='lat' dir='ltr'><strong>ga]</strong></span> <span class='ocrx_word' id='word_1_4' title='bbox 681 263 909 318; x_wconf 75' lang='lat' dir='ltr'><strong>EPIST.</strong></span> <span class='ocrx_word' id='word_1_5' title='bbox 953 262 1069 313; x_wconf 66' lang='grc' dir='ltr'><strong>ΛΠ</strong></span> <span class='ocrx_word' id='word_1_6' title='bbox 1094 262 1427 315; x_wconf 71' lang='lat' dir='ltr'><strong><em>ATTICUM</em></strong></span> <span class='ocrx_word' id='word_1_7' title='bbox 1472 265 1629 315; x_wconf 78' lang='grc' dir='ltr'><em>νιιι.</em></span> <span class='ocrx_word' id='word_1_8' title='bbox 1682 265 1758 335; x_wconf 87' lang='lat'><strong>15</strong></span> <span class='ocrx_word' id='word_1_9' title='bbox 1801 262 1867 314; x_wconf 71' lang='grc' dir='ltr'><strong>Α.</strong></span> <span class='ocrx_word' id='word_1_10' title='bbox 2093 268 2217 336; x_wconf 86' lang='lat'><strong>143</strong></span> 
     </span>
    </p>
   </div>
   <div class='ocr_carea' id='block_1_2' title="bbox 322 412 2217 1271">
    <p class='ocr_par' dir='ltr' id='par_1_2' title="bbox 322 412 2217 1271">
     <span class='ocr_line' id='line_1_2' title="bbox 322 412 2217 491; baseline 0.002 -21"><span class='ocrx_word' id='word_1_11' title='bbox 322 412 410 477; x_wconf 84' lang='lat' dir='ltr'><strong>iis,</strong></span> <span class='ocrx_word' id='word_1_12' title='bbox 462 412 562 490; x_wconf 89' lang='lat' dir='ltr'><strong>qui</strong></span> <span class='ocrx_word' id='word_1_13' title='bbox 618 430 753 473; x_wconf 88' lang='lat' dir='ltr'><strong>eum</strong></span> <span class='ocrx_word' id='word_1_14' title='bbox 807 414 1060 475; x_wconf 82' lang='lat' dir='ltr'><strong>maxime</strong></span> <span class='ocrx_word' id='word_1_15' title='bbox 1116 413 1442 487; x_wconf 80' lang='lat' dir='ltr'><strong>timuerant,</strong></span> <span class='ocrx_word' id='word_1_16' title='bbox 1489 415 1744 474; x_wconf 85' lang='lat' dir='ltr'><strong>maxime</strong></span> <span class='ocrx_word' id='word_1_17' title='bbox 1796 413 2077 491; x_wconf 76' lang='lat' dir='ltr'><strong>diligetur.</strong></span> <span class='ocrx_word' id='word_1_18' title='bbox 2163 431 2217 474; x_wconf 77' lang='lat'><strong>2.</strong></span> 
     </span>
     <span class='ocr_line' id='line_1_3' title="bbox 322 508 2217 589; baseline 0.001 -22"><span class='ocrx_word' id='word_1_19' title='bbox 322 508 578 572; x_wconf 87' lang='lat' dir='ltr'><strong>Multum</strong></span> <span class='ocrx_word' id='word_1_20' title='bbox 616 528 850 571; x_wconf 89' lang='lat' dir='ltr'><strong>mecum</strong></span> <span class='ocrx_word' id='word_1_21' title='bbox 888 511 1271 589; x_wconf 87' lang='lat' dir='ltr'><strong>municipales</strong></span> <span class='ocrx_word' id='word_1_22' title='bbox 1309 512 1578 572; x_wconf 86' lang='lat' dir='ltr'><strong>homines</strong></span> <span class='ocrx_word' id='word_1_23' title='bbox 1616 512 1944 588; x_wconf 89' lang='lat' dir='ltr'><strong>loquuntur,</strong></span> <span class='ocrx_word' id='word_1_24' title='bbox 1973 509 2217 570; x_wconf 87' lang='lat' dir='ltr'><strong>multum</strong></span> 
     </span>
     <span class='ocr_line' id='line_1_4' title="bbox 323 606 2216 685; baseline 0 -19"><span class='ocrx_word' id='word_1_25' title='bbox 323 608 628 673; x_wconf 81' lang='lat' dir='ltr'><strong>rusticani:</strong></span> <span class='ocrx_word' id='word_1_26' title='bbox 698 607 841 668; x_wconf 89' lang='lat' dir='ltr'><strong>nibil</strong></span> <span class='ocrx_word' id='word_1_27' title='bbox 903 626 1141 685; x_wconf 79' lang='lat' dir='ltr'><strong>prorsus</strong></span> <span class='ocrx_word' id='word_1_28' title='bbox 1204 609 1361 672; x_wconf 87' lang='lat' dir='ltr'><strong>aliud</strong></span> <span class='ocrx_word' id='word_1_29' title='bbox 1427 617 1632 669; x_wconf 85' lang='lat' dir='ltr'><strong>curant</strong></span> <span class='ocrx_word' id='word_1_30' title='bbox 1690 608 1800 668; x_wconf 87' lang='lat' dir='ltr'><strong>nisi</strong></span> <span class='ocrx_word' id='word_1_31' title='bbox 1858 625 2050 684; x_wconf 80' lang='lat' dir='ltr'><strong>agros,</strong></span> <span class='ocrx_word' id='word_1_32' title='bbox 2106 606 2216 666; x_wconf 86' lang='lat' dir='ltr'><strong>nisi</strong></span> 
     </span>
     <span class='ocr_line' id='line_1_5' title="bbox 323 705 2216 782; baseline 0.001 -20"><span class='ocrx_word' id='word_1_33' title='bbox 323 705 562 778; x_wconf 79' lang='lat' dir='ltr'><strong>villulas,</strong></span> <span class='ocrx_word' id='word_1_34' title='bbox 588 705 702 767; x_wconf 86' lang='lat' dir='ltr'><strong>nisi</strong></span> <span class='ocrx_word' id='word_1_35' title='bbox 730 706 1065 766; x_wconf 80' lang='lat' dir='ltr'><strong>nummulos</strong></span> <span class='ocrx_word' id='word_1_36' title='bbox 1093 724 1250 766; x_wconf 80' lang='lat' dir='ltr'><strong>suos.</strong></span> <span class='ocrx_word' id='word_1_37' title='bbox 1332 706 1411 767; x_wconf 90' lang='lat' dir='ltr'><strong>Et</strong></span> <span class='ocrx_word' id='word_1_38' title='bbox 1437 707 1585 777; x_wconf 89' lang='lat' dir='ltr'><strong>vide,</strong></span> <span class='ocrx_word' id='word_1_39' title='bbox 1608 722 1787 782; x_wconf 88' lang='lat' dir='ltr'><strong>quam</strong></span> <span class='ocrx_word' id='word_1_40' title='bbox 1816 722 2100 765; x_wconf 86' lang='lat' dir='ltr'><strong>conversa</strong></span> <span class='ocrx_word' id='word_1_41' title='bbox 2124 721 2216 763; x_wconf 82' lang='lat' dir='ltr'><strong>res</strong></span> 
     </span>
     <span class='ocr_line' id='line_1_6' title="bbox 322 802 2214 880; baseline -0.003 -17"><span class='ocrx_word' id='word_1_42' title='bbox 322 804 431 875; x_wconf 83' lang='lat' dir='ltr'><strong>sit3</strong></span> <span class='ocrx_word' id='word_1_43' title='bbox 474 803 657 873; x_wconf 81' lang='lat' dir='ltr'><strong>illum,</strong></span> <span class='ocrx_word' id='word_1_44' title='bbox 683 819 805 880; x_wconf 87' lang='lat' dir='ltr'><strong>quo</strong></span> <span class='ocrx_word' id='word_1_45' title='bbox 847 814 1019 864; x_wconf 85' lang='lat' dir='ltr'><strong>antea</strong></span> <span class='ocrx_word' id='word_1_46' title='bbox 1060 804 1456 875; x_wconf 85' lang='lat' dir='ltr'><strong>confidebant,</strong></span> <span class='ocrx_word' id='word_1_47' title='bbox 1492 812 1775 874; x_wconf 89' lang='lat' dir='ltr'><strong>metuunt,</strong></span> <span class='ocrx_word' id='word_1_48' title='bbox 1805 802 1960 863; x_wconf 86' lang='lat' dir='ltr'><strong>hunc</strong></span> <span class='ocrx_word' id='word_1_49' title='bbox 1999 810 2214 872; x_wconf 87' lang='lat' dir='ltr'><strong>amant,</strong></span> 
     </span>
     <span class='ocr_line' id='line_1_7' title="bbox 324 899 2217 978; baseline -0.004 -12"><span class='ocrx_word' id='word_1_50' title='bbox 324 919 504 978; x_wconf 81' lang='lat' dir='ltr'><strong>quem</strong></span> <span class='ocrx_word' id='word_1_51' title='bbox 572 901 868 964; x_wconf 73' lang='lat' dir='ltr'><strong>timebant.</strong></span> <span class='ocrx_word' id='word_1_52' title='bbox 958 899 1031 959; x_wconf 91' lang='lat' dir='ltr'><strong>Id</strong></span> <span class='ocrx_word' id='word_1_53' title='bbox 1085 901 1324 977; x_wconf 86' lang='lat' dir='ltr'><strong>quantis</strong></span> <span class='ocrx_word' id='word_1_54' title='bbox 1376 902 1590 961; x_wconf 85' lang='lat' dir='ltr'><strong>nostris</strong></span> <span class='ocrx_word' id='word_1_55' title='bbox 1644 900 1899 978; x_wconf 88' lang='lat' dir='ltr'><strong>peccatis</strong></span> <span class='ocrx_word' id='word_1_56' title='bbox 1952 900 2217 974; x_wconf 79' lang='lat' dir='ltr'><strong>vitiisque</strong></span> 
     </span>
     <span class='ocr_line' id='line_1_8' title="bbox 323 997 2214 1076; baseline -0.003 -18"><span class='ocrx_word' id='word_1_57' title='bbox 323 999 596 1069; x_wconf 83' lang='lat' dir='ltr'><strong>evenerit.</strong></span> <span class='ocrx_word' id='word_1_58' title='bbox 614 1016 739 1060; x_wconf 83' lang='lat' dir='ltr'><strong>non</strong></span> <span class='ocrx_word' id='word_1_59' title='bbox 766 1015 1011 1076; x_wconf 84' lang='lat' dir='ltr'><strong>possum</strong></span> <span class='ocrx_word' id='word_1_60' title='bbox 1039 998 1163 1056; x_wconf 82' lang='lat' dir='ltr'><strong>sine</strong></span> <span class='ocrx_word' id='word_1_61' title='bbox 1190 997 1462 1058; x_wconf 89' lang='lat' dir='ltr'><strong>molestia</strong></span> <span class='ocrx_word' id='word_1_62' title='bbox 1489 1000 1760 1074; x_wconf 88' lang='lat' dir='ltr'><strong>cogitare.</strong></span> <span class='ocrx_word' id='word_1_63' title='bbox 1830 997 2000 1069; x_wconf 87' lang='lat' dir='ltr'><strong>Quae</strong></span> <span class='ocrx_word' id='word_1_64' title='bbox 2023 1006 2214 1055; x_wconf 87' lang='lat' dir='ltr'><strong>autem</strong></span> 
     </span>
     <span class='ocr_line' id='line_1_9' title="bbox 325 1095 2217 1172; baseline -0.002 -17"><span class='ocrx_word' id='word_1_65' title='bbox 325 1095 663 1172; x_wconf 88' lang='lat' dir='ltr'><strong>impendere</strong></span> <span class='ocrx_word' id='word_1_66' title='bbox 696 1105 980 1172; x_wconf 81' lang='lat' dir='ltr'><strong>putarem,</strong></span> <span class='ocrx_word' id='word_1_67' title='bbox 1009 1095 1355 1172; x_wconf 75' lang='lat' dir='ltr'><strong>scripseram</strong></span> <span class='ocrx_word' id='word_1_68' title='bbox 1391 1095 1469 1155; x_wconf 88' lang='lat' dir='ltr'><strong>ad</strong></span> <span class='ocrx_word' id='word_1_69' title='bbox 1504 1106 1578 1169; x_wconf 90' lang='lat' dir='ltr'><strong>te,</strong></span> <span class='ocrx_word' id='word_1_70' title='bbox 1604 1106 1666 1155; x_wconf 90' lang='lat' dir='ltr'><strong>et</strong></span> <span class='ocrx_word' id='word_1_71' title='bbox 1690 1096 1808 1155; x_wconf 90' lang='lat' dir='ltr'><strong>iam</strong></span> <span class='ocrx_word' id='word_1_72' title='bbox 1838 1107 1968 1155; x_wconf 81' lang='lat' dir='ltr'><strong>tuas</strong></span> <span class='ocrx_word' id='word_1_73' title='bbox 1999 1095 2217 1156; x_wconf 81' lang='lat' dir='ltr'><strong>litteras</strong></span> 
     </span>
     <span class='ocr_line' id='line_1_10' title="bbox 326 1196 761 1271; baseline -0.005 -17"><span class='ocrx_word' id='word_1_74' title='bbox 326 1196 761 1271; x_wconf 83' lang='lat' dir='ltr'><strong>exspectabam.</strong></span> 
     </span>
    </p>
   </div>
   <div class='ocr_carea' id='block_1_3' title="bbox 324 1297 2235 3533">
    <p class='ocr_par' dir='ltr' id='par_1_3' title="bbox 685 1297 1862 1459">
     <span class='ocr_line' id='line_1_11' title="bbox 685 1297 1862 1376; baseline 0.004 -19"><span class='ocrx_word' id='word_1_75' title='bbox 685 1301 778 1358; x_wconf 84' lang='lat'><strong>58.</strong></span> <span class='ocrx_word' id='word_1_76' title='bbox 863 1297 982 1360; x_wconf 89' lang='lat' dir='ltr'><strong>AD</strong></span> <span class='ocrx_word' id='word_1_77' title='bbox 1023 1298 1413 1360; x_wconf 88' lang='lat' dir='ltr'><strong>ATTICUM</strong></span> <span class='ocrx_word' id='word_1_78' title='bbox 1454 1301 1622 1360; x_wconf 90' lang='lat' dir='ltr'><strong>VIII.</strong></span> <span class='ocrx_word' id='word_1_79' title='bbox 1675 1315 1745 1376; x_wconf 89' lang='lat'><strong>15</strong></span> <span class='ocrx_word' id='word_1_80' title='bbox 1787 1300 1862 1362; x_wconf 85' lang='lat' dir='ltr'><strong>A.</strong></span> 
     </span>
     <span class='ocr_line' id='line_1_12' title="bbox 839 1414 1694 1459; baseline 0.002 -4"><span class='ocrx_word' id='word_1_81' title='bbox 839 1414 1059 1457; x_wconf 62' lang='lat' dir='ltr'><strong>narnus</strong></span> <span class='ocrx_word' id='word_1_82' title='bbox 1098 1416 1367 1458; x_wconf 67' lang='lat' dir='ltr'><strong>menum</strong></span> <span class='ocrx_word' id='word_1_83' title='bbox 1408 1416 1527 1459; x_wconf 70' lang='lat' dir='ltr'><strong>mr.</strong></span> <span class='ocrx_word' id='word_1_84' title='bbox 1569 1417 1694 1459; x_wconf 76' lang='lat' dir='ltr'><strong>sAL.</strong></span> 
     </span>
    </p>

    <p class='ocr_par' dir='ltr' id='par_1_4' title="bbox 324 1493 2235 3533">
     <span class='ocr_line' id='line_1_13' title="bbox 416 1493 2215 1581; baseline -0.004 -15"><span class='ocrx_word' id='word_1_85' title='bbox 416 1525 465 1565; x_wconf 91' lang='lat' dir='ltr'><strong>r.</strong></span> <span class='ocrx_word' id='word_1_86' title='bbox 510 1504 781 1565; x_wconf 69' lang='lat' dir='ltr'><strong>Onssscno</strong></span> <span class='ocrx_word' id='word_1_87' title='bbox 820 1512 896 1573; x_wconf 90' lang='lat' dir='ltr'><strong>te,</strong></span> <span class='ocrx_word' id='word_1_88' title='bbox 926 1501 1151 1572; x_wconf 89' lang='lat' dir='ltr'><strong>Cicero,</strong></span> <span class='ocrx_word' id='word_1_89' title='bbox 1191 1493 1420 1581; x_wconf 77' lang='lat' dir='ltr'><strong>suscipe</strong></span> <span class='ocrx_word' id='word_1_90' title='bbox 1461 1503 1659 1564; x_wconf 82' lang='lat' dir='ltr'><strong>curam</strong></span> <span class='ocrx_word' id='word_1_91' title='bbox 1701 1513 1760 1564; x_wconf 91' lang='lat' dir='ltr'><strong>et</strong></span> <span class='ocrx_word' id='word_1_92' title='bbox 1801 1501 2215 1579; x_wconf 85' lang='lat' dir='ltr'><strong>cogitationem</strong></span> 
     </span>
     <span class='ocr_line' id='line_1_14' title="bbox 328 1596 2216 1680; baseline -0.004 -20"><span class='ocrx_word' id='word_1_93' title='bbox 328 1600 728 1676; x_wconf 84' lang='lat' dir='ltr'><strong>dignissimam</strong></span> <span class='ocrx_word' id='word_1_94' title='bbox 783 1606 916 1655; x_wconf 85' lang='lat' dir='ltr'><strong>tuae</strong></span> <span class='ocrx_word' id='word_1_95' title='bbox 970 1596 1205 1668; x_wconf 82' lang='lat' dir='ltr'><strong>virtutis,</strong></span> <span class='ocrx_word' id='word_1_96' title='bbox 1262 1609 1326 1656; x_wconf 89' lang='lat' dir='ltr'><strong>ut</strong></span> <span class='ocrx_word' id='word_1_97' title='bbox 1380 1598 1695 1680; x_wconf 87' lang='lat' dir='ltr'><strong>Caesarem</strong></span> <span class='ocrx_word' id='word_1_98' title='bbox 1755 1608 1814 1657; x_wconf 93' lang='lat' dir='ltr'><strong>et</strong></span> <span class='ocrx_word' id='word_1_99' title='bbox 1868 1597 2216 1672; x_wconf 85' lang='lat' dir='ltr'><strong>Pompeium</strong></span> 
     </span>
     <span class='ocr_line' id='line_1_15' title="bbox 325 1683 2220 1775; baseline -0.004 -18"><span class='ocrx_word' id='word_1_100' title='bbox 325 1696 570 1775; x_wconf 86' lang='lat' dir='ltr'><strong>perfidia</strong></span> <span class='ocrx_word' id='word_1_101' title='bbox 604 1694 911 1754; x_wconf 88' lang='lat' dir='ltr'><strong>hominum</strong></span> <span class='ocrx_word' id='word_1_102' title='bbox 949 1694 1256 1754; x_wconf 88' lang='lat' dir='ltr'><strong>distractos</strong></span> <span class='ocrx_word' id='word_1_103' title='bbox 1293 1713 1489 1758; x_wconf 81' lang='lat' dir='ltr'><strong>rursus</strong></span> <span class='ocrx_word' id='word_1_104' title='bbox 1530 1697 1591 1754; x_wconf 89' lang='lat' dir='ltr'><strong>in</strong></span> <span class='ocrx_word' id='word_1_105' title='bbox 1628 1695 1930 1772; x_wconf 84' lang='lat' dir='ltr'><strong>pristinam</strong></span> <span class='ocrx_word' id='word_1_106' title='bbox 1972 1683 2220 1753; x_wconf 72' lang='lat' dir='ltr'><strong>concor-²</strong></span> 
     </span>
     <span class='ocr_line' id='line_1_16' title="bbox 330 1787 2218 1855; baseline -0.005 0"><span class='ocrx_word' id='word_1_107' title='bbox 330 1798 489 1855; x_wconf 86' lang='lat' dir='ltr'><strong>diam</strong></span> <span class='ocrx_word' id='word_1_108' title='bbox 527 1792 787 1853; x_wconf 75' lang='lat' dir='ltr'><strong>reducas·</strong></span> <span class='ocrx_word' id='word_1_109' title='bbox 869 1789 1059 1852; x_wconf 89' lang='lat' dir='ltr'><strong>Crede</strong></span> <span class='ocrx_word' id='word_1_110' title='bbox 1098 1791 1239 1850; x_wconf 88' lang='lat' dir='ltr'><strong>mihi</strong></span> <span class='ocrx_word' id='word_1_111' title='bbox 1277 1792 1592 1852; x_wconf 86' lang='lat' dir='ltr'><strong>Caesarem</strong></span> <span class='ocrx_word' id='word_1_112' title='bbox 1629 1787 1751 1851; x_wconf 88' lang='lat' dir='ltr'><strong>non</strong></span> <span class='ocrx_word' id='word_1_113' title='bbox 1793 1792 1983 1851; x_wconf 88' lang='lat' dir='ltr'><strong>solum</strong></span> <span class='ocrx_word' id='word_1_114' title='bbox 2020 1790 2081 1848; x_wconf 90' lang='lat' dir='ltr'><strong>in</strong></span> <span class='ocrx_word' id='word_1_115' title='bbox 2120 1799 2218 1847; x_wconf 84' lang='lat' dir='ltr'><strong>tua</strong></span> 
     </span>
     <span class='ocr_line' id='line_1_17' title="bbox 328 1887 2224 1971; baseline -0.003 -19"><span class='ocrx_word' id='word_1_116' title='bbox 328 1899 632 1971; x_wconf 85' lang='lat' dir='ltr'><strong>potestate,</strong></span> <span class='ocrx_word' id='word_1_117' title='bbox 661 1889 768 1949; x_wconf 89' lang='lat' dir='ltr'><strong>sed</strong></span> <span class='ocrx_word' id='word_1_118' title='bbox 795 1887 971 1947; x_wconf 88' lang='lat' dir='ltr'><strong>etiam</strong></span> <span class='ocrx_word' id='word_1_119' title='bbox 1012 1889 1335 1948; x_wconf 82' lang='lat' dir='ltr'><strong>maximum</strong></span> <span class='ocrx_word' id='word_1_120' title='bbox 1376 1891 1725 1950; x_wconf 84' lang='lat' dir='ltr'><strong>beneficium</strong></span> <span class='ocrx_word' id='word_1_121' title='bbox 1764 1899 1818 1948; x_wconf 85' lang='lat' dir='ltr'><strong>te</strong></span> <span class='ocrx_word' id='word_1_122' title='bbox 1848 1889 1958 1948; x_wconf 90' lang='lat' dir='ltr'><strong>sibi</strong></span> <span class='ocrx_word' id='word_1_123' title='bbox 1986 1887 2224 1949; x_wconf 81' lang='lat' dir='ltr'><strong>dedisse</strong></span> 
     </span>
     <span class='ocr_line' id='line_1_18' title="bbox 329 1985 2216 2062; baseline -0.004 -12"><span class='ocrx_word' id='word_1_124' title='bbox 329 1992 729 2057; x_wconf 87' lang='lat' dir='ltr'><strong>iudicaturum,</strong></span> <span class='ocrx_word' id='word_1_125' title='bbox 785 1987 833 2046; x_wconf 91' lang='lat' dir='ltr'><strong>si</strong></span> <span class='ocrx_word' id='word_1_126' title='bbox 880 1986 995 2045; x_wconf 86' lang='lat' dir='ltr'><strong>huc</strong></span> <span class='ocrx_word' id='word_1_127' title='bbox 1048 1996 1109 2046; x_wconf 85' lang='lat' dir='ltr'><strong>te</strong></span> <span class='ocrx_word' id='word_1_128' title='bbox 1158 1989 1363 2051; x_wconf 82' lang='lat' dir='ltr'><strong>reficis.</strong></span> <span class='ocrx_word' id='word_1_129' title='bbox 1445 1988 1638 2048; x_wconf 87' lang='lat' dir='ltr'><strong>Velim</strong></span> <span class='ocrx_word' id='word_1_130' title='bbox 1692 1989 1849 2047; x_wconf 88' lang='lat' dir='ltr'><strong>idem</strong></span> <span class='ocrx_word' id='word_1_131' title='bbox 1904 1985 2216 2062; x_wconf 87' lang='lat' dir='ltr'><strong>Pompeius</strong></span> 
     </span>
     <span class='ocr_line' id='line_1_19' title="bbox 327 2083 2222 2164; baseline -0.005 -15"><span class='ocrx_word' id='word_1_132' title='bbox 327 2089 517 2158; x_wconf 79' lang='lat' dir='ltr'><strong>faciat,</strong></span> <span class='ocrx_word' id='word_1_133' title='bbox 545 2086 644 2164; x_wconf 89' lang='lat' dir='ltr'><strong>qui</strong></span> <span class='ocrx_word' id='word_1_134' title='bbox 685 2093 765 2142; x_wconf 69' lang='lat' dir='ltr'><strong>ut*</strong></span> <span class='ocrx_word' id='word_1_135' title='bbox 787 2083 999 2143; x_wconf 87' lang='lat' dir='ltr'><strong>adduci</strong></span> <span class='ocrx_word' id='word_1_136' title='bbox 1038 2083 1138 2142; x_wconf 85' lang='lat' dir='ltr'><strong>tali</strong></span> <span class='ocrx_word' id='word_1_137' title='bbox 1177 2094 1442 2162; x_wconf 86' lang='lat' dir='ltr'><strong>tempore</strong></span> <span class='ocrx_word' id='word_1_138' title='bbox 1471 2086 1547 2144; x_wconf 91' lang='lat' dir='ltr'><strong>ad</strong></span> <span class='ocrx_word' id='word_1_139' title='bbox 1586 2086 1765 2145; x_wconf 87' lang='lat' dir='ltr'><strong>ullam</strong></span> <span class='ocrx_word' id='word_1_140' title='bbox 1807 2085 2222 2144; x_wconf 83' lang='lat' dir='ltr'><strong>condicionem·</strong></span> 
     </span>
     <span class='ocr_line' id='line_1_20' title="bbox 327 2179 2217 2263; baseline -0.004 -20"><span class='ocrx_word' id='word_1_141' title='bbox 327 2184 532 2263; x_wconf 86' lang='lat' dir='ltr'><strong>possit,</strong></span> <span class='ocrx_word' id='word_1_142' title='bbox 575 2182 763 2257; x_wconf 88' lang='lat' dir='ltr'><strong>magis</strong></span> <span class='ocrx_word' id='word_1_143' title='bbox 803 2190 946 2257; x_wconf 88' lang='lat' dir='ltr'><strong>opto</strong></span> <span class='ocrx_word' id='word_1_144' title='bbox 987 2199 1165 2258; x_wconf 88' lang='lat' dir='ltr'><strong>quam</strong></span> <span class='ocrx_word' id='word_1_145' title='bbox 1206 2199 1417 2258; x_wconf 83' lang='lat' dir='ltr'><strong>sper03</strong></span> <span class='ocrx_word' id='word_1_146' title='bbox 1460 2183 1580 2251; x_wconf 88' lang='lat' dir='ltr'><strong>sed,</strong></span> <span class='ocrx_word' id='word_1_147' title='bbox 1624 2201 1758 2242; x_wconf 87' lang='lat' dir='ltr'><strong>cum</strong></span> <span class='ocrx_word' id='word_1_148' title='bbox 1802 2179 2116 2241; x_wconf 85' lang='lat' dir='ltr'><strong>eonstiterit</strong></span> <span class='ocrx_word' id='word_1_149' title='bbox 2158 2187 2217 2237; x_wconf 81' lang='lat' dir='ltr'><strong>et</strong></span> 
     </span>
     <span class='ocr_line' id='line_1_21' title="bbox 327 2277 2217 2357; baseline -0.003 -16"><span class='ocrx_word' id='word_1_150' title='bbox 327 2284 531 2342; x_wconf 86' lang='lat' dir='ltr'><strong>timere</strong></span> <span class='ocrx_word' id='word_1_151' title='bbox 558 2278 805 2348; x_wconf 90' lang='lat' dir='ltr'><strong>desierit,</strong></span> <span class='ocrx_word' id='word_1_152' title='bbox 834 2288 958 2336; x_wconf 87' lang='lat' dir='ltr'><strong>tum</strong></span> <span class='ocrx_word' id='word_1_153' title='bbox 996 2278 1268 2354; x_wconf 84' lang='lat' dir='ltr'><strong>incipiam</strong></span> <span class='ocrx_word' id='word_1_154' title='bbox 1297 2297 1420 2338; x_wconf 84' lang='lat' dir='ltr'><strong>non</strong></span> <span class='ocrx_word' id='word_1_155' title='bbox 1450 2280 1755 2357; x_wconf 89' lang='lat' dir='ltr'><strong>desperare</strong></span> <span class='ocrx_word' id='word_1_156' title='bbox 1783 2290 1943 2338; x_wconf 85' lang='lat' dir='ltr'><strong>tuam</strong></span> <span class='ocrx_word' id='word_1_157' title='bbox 1970 2277 2217 2337; x_wconf 84' lang='lat' dir='ltr'><strong>auctori-</strong></span> 
     </span>
     <span class='ocr_line' id='line_1_22' title="bbox 326 2374 2218 2453; baseline -0.004 -13"><span class='ocrx_word' id='word_1_158' title='bbox 326 2390 505 2440; x_wconf 87' lang='lat' dir='ltr'><strong>tatem</strong></span> <span class='ocrx_word' id='word_1_159' title='bbox 533 2377 844 2453; x_wconf 89' lang='lat' dir='ltr'><strong>plurimum</strong></span> <span class='ocrx_word' id='word_1_160' title='bbox 871 2375 1031 2451; x_wconf 88' lang='lat' dir='ltr'><strong>apud</strong></span> <span class='ocrx_word' id='word_1_161' title='bbox 1059 2393 1195 2433; x_wconf 89' lang='lat' dir='ltr'><strong>eum</strong></span> <span class='ocrx_word' id='word_1_162' title='bbox 1214 2375 1529 2436; x_wconf 88' lang='lat' dir='ltr'><strong>valituram.</strong></span> <span class='ocrx_word' id='word_1_163' title='bbox 1620 2398 1672 2436; x_wconf 85' lang='lat'><strong>2.</strong></span> <span class='ocrx_word' id='word_1_164' title='bbox 1703 2377 1882 2451; x_wconf 88' lang='lat' dir='ltr'><strong>Quod</strong></span> <span class='ocrx_word' id='word_1_165' title='bbox 1904 2374 2218 2435; x_wconf 86' lang='lat' dir='ltr'><strong>Lentulum</strong></span> 
     </span>
     <span class='ocr_line' id='line_1_23' title="bbox 330 2470 2226 2560; baseline -0.005 -22"><span class='ocrx_word' id='word_1_166' title='bbox 330 2470 683 2560; x_wconf 89' lang='lat' dir='ltr'><strong>[consulem]</strong></span> <span class='ocrx_word' id='word_1_167' title='bbox 742 2489 940 2531; x_wconf 89' lang='lat' dir='ltr'><strong>meum</strong></span> <span class='ocrx_word' id='word_1_168' title='bbox 994 2471 1220 2531; x_wconf 88' lang='lat' dir='ltr'><strong>voluisti</strong></span> <span class='ocrx_word' id='word_1_169' title='bbox 1275 2472 1371 2533; x_wconf 88' lang='lat' dir='ltr'><strong>hic</strong></span> <span class='ocrx_word' id='word_1_170' title='bbox 1424 2493 1738 2546; x_wconf 90' lang='lat' dir='ltr'><strong>remanere,</strong></span> <span class='ocrx_word' id='word_1_171' title='bbox 1797 2473 2031 2535; x_wconf 82' lang='lat' dir='ltr'><strong>Caesari</strong></span> <span class='ocrx_word' id='word_1_172' title='bbox 2084 2489 2226 2549; x_wconf 83' lang='lat' dir='ltr'><strong>gra-·</strong></span> 
     </span>
     <span class='ocr_line' id='line_1_24' title="bbox 326 2569 2220 2647; baseline -0.005 -11"><span class='ocrx_word' id='word_1_173' title='bbox 326 2587 469 2647; x_wconf 86' lang='lat' dir='ltr'><strong>tum,</strong></span> <span class='ocrx_word' id='word_1_174' title='bbox 516 2571 657 2632; x_wconf 84' lang='lat' dir='ltr'><strong>mihi</strong></span> <span class='ocrx_word' id='word_1_175' title='bbox 705 2587 843 2628; x_wconf 88' lang='lat' dir='ltr'><strong>vero</strong></span> <span class='ocrx_word' id='word_1_176' title='bbox 886 2569 1279 2645; x_wconf 87' lang='lat' dir='ltr'><strong>gratissimum</strong></span> <span class='ocrx_word' id='word_1_177' title='bbox 1321 2572 1550 2631; x_wconf 90' lang='lat' dir='ltr'><strong>medius</strong></span> <span class='ocrx_word' id='word_1_178' title='bbox 1590 2573 1760 2632; x_wconf 89' lang='lat' dir='ltr'><strong>fidius</strong></span> <span class='ocrx_word' id='word_1_179' title='bbox 1803 2570 2018 2642; x_wconf 82' lang='lat' dir='ltr'><strong>fecisti3</strong></span> <span class='ocrx_word' id='word_1_180' title='bbox 2078 2585 2220 2627; x_wconf 82' lang='lat' dir='ltr'><strong>nam</strong></span> 
     </span>
     <span class='ocr_line' id='line_1_25' title="bbox 327 2664 2216 2745; baseline -0.005 -12"><span class='ocrx_word' id='word_1_181' title='bbox 327 2674 489 2733; x_wconf 91' lang='lat' dir='ltr'><strong>illum</strong></span> <span class='ocrx_word' id='word_1_182' title='bbox 515 2669 661 2731; x_wconf 84' lang='lat' dir='ltr'><strong>tanti</strong></span> <span class='ocrx_word' id='word_1_183' title='bbox 686 2666 857 2738; x_wconf 82' lang='lat' dir='ltr'><strong>facio,</strong></span> <span class='ocrx_word' id='word_1_184' title='bbox 885 2675 949 2725; x_wconf 83' lang='lat' dir='ltr'><strong>ut</strong></span> <span class='ocrx_word' id='word_1_185' title='bbox 985 2683 1110 2725; x_wconf 91' lang='lat' dir='ltr'><strong>non</strong></span> <span class='ocrx_word' id='word_1_186' title='bbox 1138 2664 1456 2728; x_wconf 87' lang='lat' dir='ltr'><strong>Caesarem</strong></span> <span class='ocrx_word' id='word_1_187' title='bbox 1493 2671 1681 2745; x_wconf 85' lang='lat' dir='ltr'><strong>magis</strong></span> <span class='ocrx_word' id='word_1_188' title='bbox 1709 2669 1980 2744; x_wconf 88' lang='lat' dir='ltr'><strong>diligam;</strong></span> <span class='ocrx_word' id='word_1_189' title='bbox 2024 2666 2124 2742; x_wconf 87' lang='lat' dir='ltr'><strong>qui</strong></span> <span class='ocrx_word' id='word_1_190' title='bbox 2165 2667 2216 2726; x_wconf 87' lang='lat' dir='ltr'><strong>si</strong></span> 
     </span>
     <span class='ocr_line' id='line_1_26' title="bbox 327 2765 2215 2848; baseline -0.004 -19"><span class='ocrx_word' id='word_1_191' title='bbox 327 2786 537 2848; x_wconf 83' lang='lat' dir='ltr'><strong>passus</strong></span> <span class='ocrx_word' id='word_1_192' title='bbox 554 2775 709 2826; x_wconf 84' lang='lat' dir='ltr'><strong>esset</strong></span> <span class='ocrx_word' id='word_1_193' title='bbox 735 2781 846 2823; x_wconf 88' lang='lat' dir='ltr'><strong>nos</strong></span> <span class='ocrx_word' id='word_1_194' title='bbox 868 2781 1085 2834; x_wconf 84' lang='lat' dir='ltr'><strong>secum,</strong></span> <span class='ocrx_word' id='word_1_195' title='bbox 1103 2773 1169 2823; x_wconf 91' lang='lat' dir='ltr'><strong>ut</strong></span> <span class='ocrx_word' id='word_1_196' title='bbox 1193 2782 1698 2838; x_wconf 79' lang='lat' dir='ltr'><strong>consueveramuS,</strong></span> <span class='ocrx_word' id='word_1_197' title='bbox 1726 2765 1886 2842; x_wconf 90' lang='lat' dir='ltr'><strong>loqui</strong></span> <span class='ocrx_word' id='word_1_198' title='bbox 1914 2773 1974 2821; x_wconf 82' lang='lat' dir='ltr'><strong>et</strong></span> <span class='ocrx_word' id='word_1_199' title='bbox 1998 2781 2121 2821; x_wconf 91' lang='lat' dir='ltr'><strong>non</strong></span> <span class='ocrx_word' id='word_1_200' title='bbox 2149 2780 2215 2822; x_wconf 91' lang='lat' dir='ltr'><strong>se</strong></span> 
     </span>
     <span class='ocr_line' id='line_1_27' title="bbox 327 2861 2214 2931; baseline -0.004 -3"><span class='ocrx_word' id='word_1_201' title='bbox 327 2878 516 2928; x_wconf 87' lang='lat' dir='ltr'><strong>totum</strong></span> <span class='ocrx_word' id='word_1_202' title='bbox 543 2865 717 2924; x_wconf 87' lang='lat' dir='ltr'><strong>etiam</strong></span> <span class='ocrx_word' id='word_1_203' title='bbox 746 2872 803 2921; x_wconf 90' lang='lat' dir='ltr'><strong>et</strong></span> <span class='ocrx_word' id='word_1_204' title='bbox 829 2862 1002 2921; x_wconf 85' lang='lat' dir='ltr'><strong>etiam</strong></span> <span class='ocrx_word' id='word_1_205' title='bbox 1041 2863 1118 2920; x_wconf 90' lang='lat' dir='ltr'><strong>ab</strong></span> <span class='ocrx_word' id='word_1_206' title='bbox 1145 2880 1416 2923; x_wconf 85' lang='lat' dir='ltr'><strong>sermone</strong></span> <span class='ocrx_word' id='word_1_207' title='bbox 1443 2873 1643 2922; x_wconf 91' lang='lat' dir='ltr'><strong>nostro</strong></span> <span class='ocrx_word' id='word_1_208' title='bbox 1679 2862 1992 2931; x_wconf 85' lang='lat' dir='ltr'><strong>avertisset,</strong></span> <span class='ocrx_word' id='word_1_209' title='bbox 2021 2861 2214 2921; x_wconf 88' lang='lat' dir='ltr'><strong>minus</strong></span> 
     </span>
     <span class='ocr_line' id='line_1_28' title="bbox 326 2940 2224 3047; baseline -0.005 -22"><span class='ocrx_word' id='word_1_210' title='bbox 326 2966 518 3035; x_wconf 88' lang='lat' dir='ltr'><strong>miser,</strong></span> <span class='ocrx_word' id='word_1_211' title='bbox 547 2979 726 3039; x_wconf 86' lang='lat' dir='ltr'><strong>quam</strong></span> <span class='ocrx_word' id='word_1_212' title='bbox 763 2978 911 3030; x_wconf 89' lang='lat' dir='ltr'><strong>sum,</strong></span> <span class='ocrx_word' id='word_1_213' title='bbox 941 2977 1150 3021; x_wconf 85' lang='lat' dir='ltr'><strong>essem.</strong></span> <span class='ocrx_word' id='word_1_214' title='bbox 1234 2959 1393 3021; x_wconf 86' lang='lat' dir='ltr'><strong>Nam</strong></span> <span class='ocrx_word' id='word_1_215' title='bbox 1433 2978 1572 3020; x_wconf 85' lang='lat' dir='ltr'><strong>eave</strong></span> <span class='ocrx_word' id='word_1_216' title='bbox 1610 2970 1780 3035; x_wconf 84' lang='lat' dir='ltr'><strong>putes</strong></span> <span class='ocrx_word' id='word_1_217' title='bbox 1812 2957 1926 3047; x_wconf 65' lang='lat'><strong>¹3⁰⁰</strong></span> <span class='ocrx_word' id='word_1_218' title='bbox 1951 2940 2224 3035; x_wconf 68' lang='lat' dir='ltr'><strong>tempore</strong></span> 
     </span>
     <span class='ocr_line' id='line_1_29' title="bbox 327 3055 2230 3141; baseline -0.004 -19"><span class='ocrx_word' id='word_1_219' title='bbox 327 3064 459 3141; x_wconf 75' lang='lat' dir='ltr'><strong>plus</strong></span> <span class='ocrx_word' id='word_1_220' title='bbox 498 3079 597 3120; x_wconf 84' lang='lat' dir='ltr'><strong>me</strong></span> <span class='ocrx_word' id='word_1_221' title='bbox 636 3075 993 3136; x_wconf 86' lang='lat' dir='ltr'><strong>quemquam</strong></span> <span class='ocrx_word' id='word_1_222' title='bbox 1032 3057 1288 3130; x_wconf 87' lang='lat' dir='ltr'><strong>eruciari,</strong></span> <span class='ocrx_word' id='word_1_223' title='bbox 1330 3057 1491 3135; x_wconf 88' lang='lat' dir='ltr'><strong>quod</strong></span> <span class='ocrx_word' id='word_1_224' title='bbox 1532 3074 1683 3128; x_wconf 87' lang='lat' dir='ltr'><strong>eum,</strong></span> <span class='ocrx_word' id='word_1_225' title='bbox 1728 3074 1903 3135; x_wconf 89' lang='lat' dir='ltr'><strong>quem</strong></span> <span class='ocrx_word' id='word_1_226' title='bbox 1943 3065 2077 3131; x_wconf 73' lang='lat' dir='ltr'><strong>ante</strong></span> <span class='ocrx_word' id='word_1_227' title='bbox 2117 3055 2230 3115; x_wconf 76' lang='lat' dir='ltr'><strong>me&#39;</strong></span> 
     </span>
     <span class='ocr_line' id='line_1_30' title="bbox 327 3153 2230 3237; baseline -0.004 -17"><span class='ocrx_word' id='word_1_228' title='bbox 327 3161 523 3237; x_wconf 89' lang='lat' dir='ltr'><strong>diligo,</strong></span> <span class='ocrx_word' id='word_1_229' title='bbox 549 3159 720 3216; x_wconf 87' lang='lat' dir='ltr'><strong>video</strong></span> <span class='ocrx_word' id='word_1_230' title='bbox 747 3157 808 3214; x_wconf 87' lang='lat' dir='ltr'><strong>in</strong></span> <span class='ocrx_word' id='word_1_231' title='bbox 837 3155 1142 3215; x_wconf 82' lang='lat' dir='ltr'><strong>consulatu</strong></span> <span class='ocrx_word' id='word_1_232' title='bbox 1164 3155 1390 3232; x_wconf 85' lang='lat' dir='ltr'><strong>quidvis</strong></span> <span class='ocrx_word' id='word_1_233' title='bbox 1418 3153 1610 3231; x_wconf 85' lang='lat' dir='ltr'><strong>potius</strong></span> <span class='ocrx_word' id='word_1_234' title='bbox 1640 3172 1767 3213; x_wconf 89' lang='lat' dir='ltr'><strong>esse</strong></span> <span class='ocrx_word' id='word_1_235' title='bbox 1797 3154 1974 3232; x_wconf 83' lang='lat' dir='ltr'><strong>quam</strong></span> <span class='ocrx_word' id='word_1_236' title='bbox 2000 3172 2230 3213; x_wconf 83' lang='lat' dir='ltr'><strong>consu·-</strong></span> 
     </span>
     <span class='ocr_line' id='line_1_31' title="bbox 325 3251 2215 3329; baseline -0.004 -12"><span class='ocrx_word' id='word_1_237' title='bbox 325 3259 460 3321; x_wconf 83' lang='lat' dir='ltr'><strong>lem.</strong></span> <span class='ocrx_word' id='word_1_238' title='bbox 543 3254 724 3328; x_wconf 85' lang='lat' dir='ltr'><strong>Quod</strong></span> <span class='ocrx_word' id='word_1_239' title='bbox 753 3253 802 3312; x_wconf 89' lang='lat' dir='ltr'><strong>si</strong></span> <span class='ocrx_word' id='word_1_240' title='bbox 837 3253 1078 3312; x_wconf 83' lang='lat' dir='ltr'><strong>voluerit</strong></span> <span class='ocrx_word' id='word_1_241' title='bbox 1113 3253 1215 3311; x_wconf 87' lang='lat' dir='ltr'><strong>tibi</strong></span> <span class='ocrx_word' id='word_1_242' title='bbox 1250 3254 1652 3329; x_wconf 86' lang='lat' dir='ltr'><strong>obtemperare</strong></span> <span class='ocrx_word' id='word_1_243' title='bbox 1680 3262 1742 3311; x_wconf 83' lang='lat' dir='ltr'><strong>et</strong></span> <span class='ocrx_word' id='word_1_244' title='bbox 1763 3253 1935 3310; x_wconf 89' lang='lat' dir='ltr'><strong>nobis</strong></span> <span class='ocrx_word' id='word_1_245' title='bbox 1965 3252 2038 3312; x_wconf 86' lang='lat' dir='ltr'><strong>de</strong></span> <span class='ocrx_word' id='word_1_246' title='bbox 2066 3251 2215 3312; x_wconf 87' lang='lat' dir='ltr'><strong>Cae-</strong></span> 
     </span>
     <span class='ocr_line' id='line_1_32' title="bbox 327 3350 2215 3428; baseline -0.002 -14"><span class='ocrx_word' id='word_1_247' title='bbox 327 3374 455 3423; x_wconf 76' lang='lat' dir='ltr'><strong>sare</strong></span> <span class='ocrx_word' id='word_1_248' title='bbox 501 3353 743 3414; x_wconf 85' lang='lat' dir='ltr'><strong>credere</strong></span> <span class='ocrx_word' id='word_1_249' title='bbox 788 3361 847 3411; x_wconf 90' lang='lat' dir='ltr'><strong>et</strong></span> <span class='ocrx_word' id='word_1_250' title='bbox 894 3351 1260 3410; x_wconf 87' lang='lat' dir='ltr'><strong>consulatum</strong></span> <span class='ocrx_word' id='word_1_251' title='bbox 1310 3351 1594 3428; x_wconf 75' lang='lat' dir='ltr'><strong>reliquum</strong></span> <span class='ocrx_word' id='word_1_252' title='bbox 1644 3350 1873 3409; x_wconf 89' lang='lat' dir='ltr'><strong>Romae</strong></span> <span class='ocrx_word' id='word_1_253' title='bbox 1919 3367 2215 3427; x_wconf 85' lang='lat' dir='ltr'><strong>peragere,</strong></span> 
     </span>
     <span class='ocr_line' id='line_1_33' title="bbox 324 3443 2235 3533; baseline -0.001 -25"><span class='ocrx_word' id='word_1_254' title='bbox 324 3452 598 3533; x_wconf 72' lang='lat' dir='ltr'><strong>&#39;meipiam</strong></span> <span class='ocrx_word' id='word_1_255' title='bbox 641 3466 873 3528; x_wconf 76' lang='lat' dir='ltr'><strong>sperare</strong></span> <span class='ocrx_word' id='word_1_256' title='bbox 914 3448 1090 3507; x_wconf 85' lang='lat' dir='ltr'><strong>etiam</strong></span> <span class='ocrx_word' id='word_1_257' title='bbox 1133 3446 1378 3506; x_wconf 86' lang='lat' dir='ltr'><strong>consilio</strong></span> <span class='ocrx_word' id='word_1_258' title='bbox 1426 3457 1677 3520; x_wconf 80' lang='lat' dir='ltr'><strong>senatuS,</strong></span> <span class='ocrx_word' id='word_1_259' title='bbox 1722 3457 1959 3507; x_wconf 85' lang='lat' dir='ltr'><strong>auctore</strong></span> <span class='ocrx_word' id='word_1_260' title='bbox 2001 3454 2077 3521; x_wconf 87' lang='lat' dir='ltr'><strong>te,</strong></span> <span class='ocrx_word' id='word_1_261' title='bbox 2117 3443 2235 3507; x_wconf 72' lang='lat' dir='ltr'><strong>ino&#39;</strong></span> 
     </span>
    </p>
   </div>
  </div>
 </body>
</html>
