2642 3925
315 242 534 328 Ep.71.]
792 256 1020 306 EPIST.
1064 256 1164 305 AD
1206 258 1534 331 ATTJCUM
1571 258 1639 307 x.
1687 245 1742 306 8.
2083 245 2203 327 167

312 406 460 464 inter
481 424 594 465 nos
616 405 905 464 scribendi
926 406 1048 465 fieri
1069 415 1301 483 tempus
1324 425 1478 479 esse;
1509 406 1631 478 sed,
1654 426 1789 466 eum
1811 408 1886 467 ad
1907 425 2003 466 me
2030 425 2206 485 saepe

310 523 447 562 mea
477 503 669 562 Tullia
710 504 921 562 scribat
949 522 1141 568 orans,
1170 515 1235 563 ut
1263 505 1403 580 quid
1430 506 1492 563 in
1521 504 1811 580 Hispania
1849 513 2081 580 geratur
2108 501 2205 564 ex*-

313 613 591 676 spectem,
620 611 677 658 et
718 619 950 678 semper
992 601 1278 660 adscribat
1319 602 1478 661 idem
1505 602 1684 661 videri
1726 602 1826 660 tibi
1868 602 2043 678 idque
2081 603 2207 678 ipse

312 699 488 758 etiam
510 717 582 757 ex
605 699 716 756 tuis
734 696 930 757 litteris
954 698 1347 770 intellexerim,
1367 718 1492 758 non
1510 711 1655 777 puto
1676 717 1804 758 esse
1834 698 2084 759 alienum
2112 719 2209 759 me

314 796 391 855 ad
418 805 494 868 te,
518 794 659 871 quid
687 794 761 853 de
789 812 860 852 ea
886 813 948 853 re
978 796 1244 867 sentiam,
1270 797 1535 855 scribere.
1626 817 1674 855 2.
1710 795 2031 856 Consilium
2054 797 2209 855 istud

313 902 454 951 tunc
496 902 651 951 esset
686 891 961 968 prudenS‚
990 903 1056 951 ut
1083 893 1225 951 mihi
1254 894 1494 965 videtur,
1517 894 1565 953 si
1594 905 1820 953 nostras
1852 894 2105 954 rationes
2134 894 2209 953 ad

314 990 774 1067 Hispaniensem
804 1007 1007 1048 casum
1036 990 1533 1054 accommodaturi
1562 1010 1855 1065 essemus3
1898 992 2059 1069 quod
2087 992 2209 1050 fieri

312 1088 519 1165 nequit
534 1106 551 1160 3
593 1105 834 1146 necesse
864 1097 953 1146 est
981 1088 1138 1146 enim
1166 1099 1278 1159 aut,
1303 1088 1364 1147 id
1392 1089 1552 1166 quod
1579 1090 1834 1147 maxime
1862 1089 2051 1160 velim,
2072 1089 2209 1165 pelli

312 1189 491 1247 istum
519 1188 595 1245 ab
617 1186 925 1263 Hispania,
947 1196 1043 1244 aut
1073 1186 1219 1244 trahi
1249 1186 1307 1244 id
1335 1187 1567 1259 bellum,
1592 1198 1689 1246 aut
1718 1188 1907 1259 istum,
1937 1197 2001 1247 ut
2027 1187 2209 1247 confi-

317 1287 454 1346 dere
489 1285 727 1356 videtin,
755 1273 1191 1360 apprehendere
1221 1283 1557 1361 Hispanias,
1646 1286 1707 1344 Si
1745 1285 2004 1362 pelletur,
2032 1303 2209 1362 quam

315 1394 512 1461 gratus
550 1392 650 1441 aut
687 1400 867 1460 quam
895 1381 1177 1440 honestus
1217 1393 1340 1441 tum
1380 1383 1484 1441 erit
1522 1382 1598 1442 ad
1624 1383 1972 1460 Pompeium
2012 1395 2212 1442 noster

318 1482 617 1552 adventus,
648 1499 782 1539 cum
817 1479 1013 1556 ipsum
1044 1478 1363 1539 Curionem
1401 1481 1477 1540 ad
1514 1499 1650 1539 eum
1692 1482 2064 1541 transiturum
2104 1501 2209 1559 pu-

317 1582 476 1640 tem?
521 1579 571 1638 si
612 1578 851 1637 trahitur
891 1577 1126 1648 bellum,
1155 1578 1296 1655 quid
1340 1591 1674 1655 exspectem
1717 1589 1815 1638 aut
1852 1598 2030 1656 quam
2072 1580 2210 1639 diu?

316 1676 670 1754 relinquitur,
707 1683 789 1745 ut,
833 1675 881 1733 si
924 1675 1206 1733 vincimur
1246 1676 1307 1733 in
1350 1674 1659 1753 Hispania,
1703 1677 2108 1753 quiescamus:
2151 1678 2211 1737 id

318 1792 433 1850 ego
474 1784 677 1833 contra
714 1783 890 1849 puto;
933 1771 1110 1831 istum
1145 1772 1304 1831 enim
1331 1774 1609 1832 victorem
1649 1774 1839 1850 magis
1881 1774 2209 1851 relinquen-

319 1873 461 1933 dum
518 1882 662 1949 puto
723 1888 902 1946 quam
957 1872 1175 1929 victum
1234 1880 1294 1930 et
1360 1872 1721 1931 dubitantem
1782 1872 1971 1947 magis
2032 1890 2209 1948 quam

319 1972 599 2031 fidentem
647 1970 765 2028 suis
813 1970 1003 2029 rebus.
1090 1968 1248 2027 Nam
1294 1969 1538 2029 caedem
1579 1968 1764 2042 video,
1808 1970 1857 2029 si
1897 1971 2110 2041 vicerit,
2154 1980 2211 2029 et

319 2071 602 2146 impetum
645 2068 704 2125 in
746 2068 1097 2143 privatorum
1134 2068 1412 2144 pecunias
1455 2076 1513 2126 et
1555 2067 1819 2125 exsulum
1860 2067 2109 2126 reditum
2153 2080 2211 2126 et

318 2167 544 2226 tabulas
582 2184 765 2224 novas
803 2175 860 2224 et
897 2167 1366 2242 turpissimorum
1403 2165 1661 2243 honores
1703 2174 1761 2223 et
1800 2184 2049 2242 regnum
2087 2184 2211 2226 non

319 2265 505 2323 modo
548 2256 821 2320 Romano
866 2261 1108 2330 homini,
1139 2263 1251 2322 sed'
1287 2281 1363 2321 ne
1402 2262 1613 2321 Persae
1656 2264 1896 2340 quidem
1937 2265 2212 2340 cuiquam

318 2359 629 2422 tolerabile.
719 2378 770 2434 3.
817 2359 1026 2418 Tacita
1064 2378 1193 2419 esse
1223 2361 1435 2436 poterit
1459 2361 1775 2437 indignitas
1812 2363 2050 2422 nostra?
2091 2365 2212 2440 pati

319 2467 594 2539 poterunt
634 2458 788 2517 oculi
829 2475 927 2516 me
984 2476 1118 2516 cum
1170 2458 1426 2519 Gabinio
1474 2461 1823 2519 sententiam
1868 2461 2097 2519 dicere?
2154 2472 2213 2522 et

319 2558 558 2637 quidem
602 2556 763 2614 illum
809 2557 1003 2631 rogari
1046 2557 1251 2633 prius?
1292 2566 1527 2634 praesto
1568 2577 1696 2618 esse
1738 2558 2007 2618 clientem
2046 2569 2213 2618 tuum

321 2655 644 2717 Clodium?
728 2654 795 2714 C.
821 2655 975 2712 Ateii
996 2653 1398 2730 Plaguleium?
1479 2657 1744 2715 eeteros?
1809 2656 1946 2714 Sed
1976 2675 2077 2714 cur
2103 2657 2213 2714 ini-

318 2757 507 2814 micos
550 2752 781 2828 colligo,
811 2753 917 2828 qui
953 2770 1120 2811 meos
1163 2753 1524 2812 necessarios
1569 2771 1605 2810 a
1644 2771 1740 2810 me
1784 2752 2058 2812 defensos
2099 2771 2213 2814 nec

320 2854 512 2912 videre
571 2852 633 2909 in
682 2851 840 2910 curia
889 2851 1012 2909 sine
1065 2850 1265 2909 dolore
1317 2869 1428 2909 nec
1473 2850 1687 2909 versari
1731 2850 1878 2908 inter
1924 2868 2028 2910 eos
2084 2852 2213 2911 sine

319 2942 607 3010 dedecore
647 2949 898 3026 potero?
941 2948 1098 3023 quid,
1139 2948 1188 3006 si
1225 2966 1300 3006 ne
1338 2948 1400 3006 id
1429 2948 1668 3024 quidem
1705 2956 1794 3005 est
1827 2940 2211 3023 exploratum,

321 3049 461 3116 sore,
491 3059 556 3105 ut
588 3046 730 3104 mihi
767 3045 1274 3125 liceat—-scribunt
1310 3045 1467 3102 enim
1503 3043 1576 3102 ad
1617 3063 1726 3103 me.
1747 3046 1919 3104 amici
1956 3046 2079 3106 eius
2116 3066 2214 3107 me

321 3146 397 3204 illi
441 3146 602 3203 nullo
640 3143 823 3201 modo
859 3145 994 3202 satis
1024 3142 1250 3225 fecisse,
1280 3142 1443 3219 quod
1481 3142 1543 3200 in
1581 3152 1847 3201 senatum
1886 3162 2009 3201 non
2044 3162 2214 3203 vene-

323 3245 530 3315 rim—,
561 3252 839 3301 tamenne
869 3241 1197 3299 dubitemus
1231 3259 1306 3298 an
1342 3241 1396 3298 ei
1434 3259 1545 3299 nos
1581 3242 1755 3299 etiam
1796 3260 1930 3300 cum
1958 3243 2215 3317 periculo

321 3342 705 3408 venditemuS‚
750 3340 987 3412 quicum
1031 3338 1328 3396 coniuncti
1379 3356 1454 3395 ne
1498 3356 1634 3395 cum
1675 3339 1935 3415 praemio
1979 3339 2216 3415 quidem

322 3440 612 3498 voluimus
641 3439 812 3495 esse?
898 3459 952 3508 4.
998 3435 1230 3494 Deinde
1270 3435 1386 3495 hoc
1423 3435 1571 3508 vide,
1611 3453 1734 3495 non
1772 3454 1901 3495 esse
1941 3437 2217 3498 iudicium
