2642 3925
446 249 571 316 262
1003 259 1081 312 Μ.
1135 260 1379 311 wrm
1418 259 1622 311 crcssn
1631 260 1797 309 oms
2110 245 2249 331 [rm
2275 260 2339 309 v,

442 411 712 472 evenerit.
799 410 942 481 Res,
986 429 1121 471 cum
1165 409 1313 470 haec
1370 411 1711 480 scribebam,
1754 418 1878 468 erat
1916 408 1977 467 in
2015 419 2341 469 extremum

444 510 698 570 adducta
721 509 1067 581 discrimem
1112 509 1329 568 Brutus
1358 510 1514 568 enim
1544 507 1808 567 Mutinae
1833 508 1928 566 vix
1951 507 2067 566 iam
2097 508 2341 567 sustine·

443 609 578 667 batt
621 607 719 683 qui
749 608 796 666 si
827 617 1200 667 conservatus
1240 607 1364 678 erit,
1394 608 1674 679 vicimus3
1717 604 2051 681 sin—quod
2076 604 2134 663 di
2161 622 2341 664 omen

445 715 702 766 avertant
723 708 837 776 1—-,
863 705 1058 764 omnis
1100 705 1366 764 omnium
1410 719 1612 764 cursus
1642 712 1732 764 est
1771 702 1847 762 ad
1882 720 2006 762 vos,
2089 700 2342 761 Proinde

444 802 538 861 fac
566 803 829 861 animum
857 812 1085 862 tantum
1111 801 1335 861 habeas
1361 811 1704 877 tantumque
1730 809 2090 876 apparatum,
2119 809 2341 875 quanto

446 915 600 976 opus
654 909 745 960 est
799 899 877 959 ad
930 900 1259 994 universam
1311 917 1438 958 rem
1506 898 1800 976 publicam
1864 897 2341 973 recuperandam.

439 996 607 1058 Vale.

838 1158 972 1214 135.
1054 1153 1169 1213 AD
1209 1151 1716 1213 FAMILIARES
1758 1151 1834 1213 x.
1877 1170 1974 1227 30.

512 1267 651 1329 Sca.
696 1286 760 1329 m
800 1285 1033 1329 CAsnus
1072 1285 1154 1329 An
1194 1266 1491 1328 Murmur
1532 1286 1587 1328 A.
1615 1286 1672 1329 n.
1715 1284 1830 1327 xvr.
1873 1265 2033 1326 Kar..
2072 1263 2275 1328 Mms

1217 1384 1385 1427 Λ.υ.ο.
1432 1379 1568 1441 711.

1055 1491 1249 1534 GALBA
1288 1492 1561 1535 CICERONI
1599 1491 1725 1534 SAL.

529 1607 578 1647 1.
623 1587 696 1648 A.
738 1605 791 1648 n.
842 1605 979 1647 xm.
1025 1585 1158 1648 Kal.
1202 1587 1409 1658 Μαίας,
1453 1606 1574 1665 quo
1630 1588 1723 1648 die
1778 1587 1971 1647 Pansa
2015 1585 2078 1645 in
2131 1585 2334 1646 castris

442 1685 616 1744 Hirtii
658 1697 779 1744 erat
820 1685 1059 1755 futurus,
1090 1704 1246 1745 cum.
1269 1703 1390 1762 quo
1433 1703 1548 1761 ego
1589 1704 1969 1746 eram—nam
2006 1685 2059 1743 ei
2100 1684 2333 1743 obviam

442 1799 840 1860 processeram
880 1783 1040 1842 milia
1068 1801 1352 1860 passuum
1380 1795 1635 1855 centum,
1665 1801 1784 1861 quo
1810 1784 2088 1841 maturius
2116 1783 2337 1841 veniret

440 1913 539 1952 —,
567 1880 860 1939 Antonius
906 1880 1175 1957 legiones·
1204 1882 1404 1941 eduxit
1441 1882 1607 1951 duaS,
1636 1880 1956 1941 secundam
1985 1888 2042 1937 et
2071 1879 2334 1954 quintam

443 1980 834 2039 tricensimam
885 1989 943 2039 et
993 1979 1266 2039 cohortes
1321 1980 1639 2056 praetorias
1695 1980 1857 2059 duas,
1913 1995 2093 2054 unam
2149 1995 2334 2048 suam,

443 2077 684 2136 alteram
728 2076 926 2147 Silani,
968 2083 1026 2135 et
1056 2084 1429 2136 evocatorum
1471 2087 1695 2153 partem
1725 2096 1740 2135 t
1788 2077 1867 2136 ita
1907 2076 2138 2134 obviam
2178 2076 2336 2132 venit

441 2174 631 2245 nobis,
661 2173 823 2250 quod
850 2191 963 2233 nos
1003 2182 1274 2251 quattuor
1309 2174 1572 2250 legiones
1609 2174 1862 2232 tironum
1904 2173 2116 2231 habere
2144 2172 2335 2230 solum

440 2269 836 2328 arbitrabatur.
923 2269 1041 2327 Sed
1073 2280 1270 2341 noctu,
1301 2287 1424 2346 quo
1460 2271 1636 2329 tutius
1673 2271 1866 2328 venire
1893 2269 1953 2327 in
1981 2280 2169 2328 castra
2194 2259 2352 2344 pos-‘

441 2382 656 2434 semus,
698 2365 991 2441 legionem
1032 2365 1324 2438 Martiam,
1365 2367 1457 2426 cui
1499 2384 1614 2442 ego
1655 2384 1926 2443 praeesse
1969 2366 2248 2434 solebam,
2276 2374 2334 2423 et

441 2461 586 2520 duas
616 2462 886 2521 cohortes
920 2465 1237 2539 praetorias
1275 2466 1510 2523 miserat
1550 2463 1776 2522 Hirtius
1804 2463 1993 2521 nobis
2085 2482 2134 2521 2.
2181 2460 2334 2521 Cum

440 2560 666 2634 equites
694 2560 936 2618 Antonii
966 2561 1383 2637 apparuissent,
1407 2561 1690 2620 contineri
1718 2578 1913 2636 neque
1940 2560 2093 2636 legio
2123 2558 2338 2618 Martia
2424 2589 2433 2598 ·

441 2675 633 2733 neque
675 2657 947 2716 cohortes
987 2659 1311 2734 praetoriae
1355 2668 1672 2734 potuerunt
1688 2676 1704 2730 ;
1749 2676 1895 2734 quas
1934 2658 2099 2734 sequi
2139 2657 2337 2732 coepi·

440 2772 573 2812 mus
643 2755 848 2825 coacti,
916 2755 1195 2830 quoniam
1264 2756 1511 2815 retinere
1577 2774 1679 2814 eas
1749 2772 1875 2813 non
1942 2764 2337 2831 potueramus,

441 2852 732 2910 Antonius
786 2851 863 2909 ad
916 2850 1139 2910 Forum
1189 2850 1494 2912 Gallorum
1550 2871 1688 2911 suas
1742 2852 1944 2933 copias
2000 2851 2341 2910 continebat

442 2964 634 3024 neque
662 2949 793 3007 sciri
822 2948 1053 3007 volebat
1081 2967 1144 3008 se
1172 2948 1437 3025 legiones
1466 2950 1678 3009 habere
1699 2970 1717 3024 ς
1759 2960 1988 3010 tantum
2017 2949 2338 3024 equitatum

442 3054 502 3103 et
552 3045 738 3102 levem
783 3055 1132 3105 armaturam
1174 3048 1538 3107 ostendebat.
1620 3047 1834 3107 Postea
1876 3065 2055 3125 quam
2097 3046 2238 3105 vidit
2275 3063 2340 3105 se

444 3140 626 3199 invito
667 3138 962 3218 legionem
1002 3144 1084 3203 ire
1128 3142 1341 3215 Pansa,
1372 3144 1536 3221 sequi
1581 3162 1644 3203 se
1688 3145 1833 3204 duas
1873 3144 2137 3220 legiones
2177 3144 2340 3202 iussit

445 3236 718 3295 tironum.
823 3236 1034 3297 Postea
1089 3258 1267 3316 quam
1324 3242 1621 3316 angustias
1676 3240 1903 3317 paludis
1957 3250 2015 3299 et
2068 3237 2341 3298 silvarum

447 3333 794 3403 transiimus,
825 3335 979 3395 acies
1017 3346 1104 3395 est
1145 3338 1424 3397 instructa
1452 3356 1489 3396 a
1513 3339 1685 3397 nobis
1712 3356 1810 3397 xn.
1838 3337 2202 3406 cohortium;
2280 3353 2339 3410 3.

449 3428 715 3487 nondum
758 3441 1034 3493 venerant
1089 3433 1356 3512 legiones
1403 3435 1593 3494 duae:
1645 3444 1885 3513 repente
1932 3433 2226 3493 Antonius
2277 3432 2340 3490 in
