<?xml version="1.0" encoding="UTF-8"?>
<!DOCTYPE html PUBLIC "-//W3C//DTD XHTML 1.0 Transitional//EN"
    "http://www.w3.org/TR/xhtml1/DTD/xhtml1-transitional.dtd">
<html xmlns="http://www.w3.org/1999/xhtml" xml:lang="en" lang="en">
 <head>
  <title>
</title>
<meta http-equiv="Content-Type" content="text/html;charset=utf-8" />
  <meta name='ocr-system' content='tesseract 3.04.00' />
  <meta name='ocr-capabilities' content='ocr_page ocr_carea ocr_par ocr_line ocrx_word'/>
</head>
<body>
  <div class='ocr_page' id='page_1' title='image "./mtulliiciceroni00watsgoog_0115.png"; bbox 0 0 2642 3925; ppageno 0'>
   <div class='ocr_carea' id='block_1_1' title="bbox 311 236 2210 328">
    <p class='ocr_par' dir='ltr' id='par_1_1' title="bbox 311 236 2210 328">
     <span class='ocr_line' id='line_1_1' title="bbox 311 236 2210 328; baseline 0.001 -24"><span class='ocrx_word' id='word_1_1' title='bbox 311 255 401 320; x_wconf 70' lang='lat' dir='ltr'><strong>Ep.</strong></span> <span class='ocrx_word' id='word_1_2' title='bbox 429 236 558 328; x_wconf 34' lang='lat'><strong>34.],</strong></span> <span class='ocrx_word' id='word_1_3' title='bbox 693 252 921 305; x_wconf 68' lang='lat' dir='ltr'><strong>EPJST.</strong></span> <span class='ocrx_word' id='word_1_4' title='bbox 965 252 1067 302; x_wconf 76' lang='lat' dir='ltr'><strong>AD</strong></span> <span class='ocrx_word' id='word_1_5' title='bbox 1105 254 1196 303; x_wconf 68' lang='lat' dir='ltr'><strong>m</strong></span> <span class='ocrx_word' id='word_1_6' title='bbox 1203 253 1550 303; x_wconf 72' lang='lat' dir='ltr'><em>MJLJARES</em></span> <span class='ocrx_word' id='word_1_7' title='bbox 1587 250 1750 304; x_wconf 63' lang='lat' dir='ltr'><strong>vm.</strong></span> <span class='ocrx_word' id='word_1_8' title='bbox 1800 241 1861 307; x_wconf 91' lang='lat'><strong>8.</strong></span> <span class='ocrx_word' id='word_1_9' title='bbox 2119 256 2210 324; x_wconf 86' lang='lat'><strong>99</strong></span> 
     </span>
    </p>
   </div>
   <div class='ocr_carea' id='block_1_2' title="bbox 308 392 2642 3602">
    <p class='ocr_par' dir='ltr' id='par_1_2' title="bbox 309 392 2212 679">
     <span class='ocr_line' id='line_1_2' title="bbox 309 392 2209 484; baseline -0.002 -19"><span class='ocrx_word' id='word_1_10' title='bbox 309 392 801 467; x_wconf 77' lang='lat' dir='ltr'><strong>auctoritatem</strong></span> <span class='ocrx_word' id='word_1_11' title='bbox 842 406 1181 484; x_wconf 87' lang='lat' dir='ltr'>perscribi</span> <span class='ocrx_word' id='word_1_12' title='bbox 1222 416 1290 465; x_wconf 90' lang='lat' dir='ltr'><strong>et</strong></span> <span class='ocrx_word' id='word_1_13' title='bbox 1323 403 1407 466; x_wconf 84' lang='lat' dir='ltr'><strong>de</strong></span> <span class='ocrx_word' id='word_1_14' title='bbox 1453 424 1535 465; x_wconf 89' lang='lat' dir='ltr'><strong>ea</strong></span> <span class='ocrx_word' id='word_1_15' title='bbox 1573 423 1644 464; x_wconf 90' lang='lat' dir='ltr'><strong>re</strong></span> <span class='ocrx_word' id='word_1_16' title='bbox 1682 400 1778 464; x_wconf 64' lang='lat' dir='ltr'><strong>ad&#39;</strong></span> <span class='ocrx_word' id='word_1_17' title='bbox 1806 403 1987 463; x_wconf 91' lang='lat' dir='ltr'><strong>hunc</strong></span> <span class='ocrx_word' id='word_1_18' title='bbox 2028 404 2209 463; x_wconf 92' lang='lat' dir='ltr'><strong>ordi-</strong></span> 
     </span>
     <span class='ocr_line' id='line_1_3' title="bbox 311 499 2212 575; baseline 0.001 -13"><span class='ocrx_word' id='word_1_19' title='bbox 311 522 466 563; x_wconf 88' lang='lat' dir='ltr'><strong>nem</strong></span> <span class='ocrx_word' id='word_1_20' title='bbox 505 505 766 564; x_wconf 88' lang='lat' dir='ltr'><strong>referri.</strong></span> <span class='ocrx_word' id='word_1_21' title='bbox 847 503 1031 565; x_wconf 91' lang='lat' dir='ltr'><strong>Huic</strong></span> <span class='ocrx_word' id='word_1_22' title='bbox 1069 521 1116 565; x_wconf 74' lang='lat' dir='ltr'><strong>s·</strong></span> <span class='ocrx_word' id='word_1_23' title='bbox 1156 522 1208 565; x_wconf 90' lang='lat' dir='ltr'><strong>e.</strong></span> <span class='ocrx_word' id='word_1_24' title='bbox 1241 503 1644 563; x_wconf 86' lang='lat' dir='ltr'><strong>intercessit</strong></span> <span class='ocrx_word' id='word_1_25' title='bbox 1689 502 1758 564; x_wconf 85' lang='lat' dir='ltr'><strong>C.</strong></span> <span class='ocrx_word' id='word_1_26' title='bbox 1792 502 2091 575; x_wconf 88' lang='lat' dir='ltr'><strong>Caelius,</strong></span> <span class='ocrx_word' id='word_1_27' title='bbox 2131 499 2212 564; x_wconf 83' lang='lat' dir='ltr'><strong>C.</strong></span> 
     </span>
     <span class='ocr_line' id='line_1_4' title="bbox 311 599 2182 679; baseline 0.001 -19"><span class='ocrx_word' id='word_1_28' title='bbox 311 600 558 672; x_wconf 85' lang='lat' dir='ltr'>Pansa,</span> <span class='ocrx_word' id='word_1_29' title='bbox 585 601 846 660; x_wconf 86' lang='lat' dir='ltr'><strong>tribuni</strong></span> <span class='ocrx_word' id='word_1_30' title='bbox 873 602 960 679; x_wconf 93' lang='lat' dir='ltr'><strong>pl.</strong></span> <span class='ocrx_word' id='word_1_31' title='bbox 1106 599 1118 609; x_wconf 75' lang='grc'><strong>’</strong></span> <span class='ocrx_word' id='word_1_32' title='bbox 2178 599 2182 605; x_wconf 80' lang='grc'><strong>’</strong></span> 
     </span>
    </p>

    <p class='ocr_par' dir='ltr' id='par_1_3' title="bbox 310 697 2642 2634">
     <span class='ocr_line' id='line_1_5' title="bbox 394 697 2214 780; baseline -0.001 -21"><span class='ocrx_word' id='word_1_33' title='bbox 394 702 451 759; x_wconf 91' lang='grc'><strong>8.</strong></span> <span class='ocrx_word' id='word_1_34' title='bbox 492 698 808 776; x_wconf 89' lang='lat' dir='ltr'><strong>Itemque</strong></span> <span class='ocrx_word' id='word_1_35' title='bbox 853 700 1123 759; x_wconf 87' lang='lat' dir='ltr'><strong>senatui</strong></span> <span class='ocrx_word' id='word_1_36' title='bbox 1162 699 1441 777; x_wconf 90' lang='lat' dir='ltr'><strong>placere</strong></span> <span class='ocrx_word' id='word_1_37' title='bbox 1477 698 1549 760; x_wconf 89' lang='lat' dir='ltr'><strong>in</strong></span> <span class='ocrx_word' id='word_1_38' title='bbox 1586 697 1902 780; x_wconf 76' lang='lat' dir='ltr'><strong>Ciliciam</strong></span> <span class='ocrx_word' id='word_1_39' title='bbox 1941 698 2214 774; x_wconf 81' lang='lat' dir='ltr'><strong>provin-</strong></span> 
     </span>
     <span class='ocr_line' id='line_1_6' title="bbox 312 796 2570 876; baseline -0.001 -19"><span class='ocrx_word' id='word_1_40' title='bbox 312 798 506 869; x_wconf 88' lang='lat' dir='ltr'><strong>ciam,</strong></span> <span class='ocrx_word' id='word_1_41' title='bbox 553 798 624 856; x_wconf 91' lang='lat' dir='ltr'><strong>in</strong></span> <span class='ocrx_word' id='word_1_42' title='bbox 670 815 798 856; x_wconf 81' lang='lat' dir='ltr'><strong>vru</strong></span> <span class='ocrx_word' id='word_1_43' title='bbox 842 797 1148 874; x_wconf 88' lang='lat' dir='ltr'><strong>reliquas</strong></span> <span class='ocrx_word' id='word_1_44' title='bbox 1201 800 1610 876; x_wconf 86' lang='lat' dir='ltr'><strong>provincias,</strong></span> <span class='ocrx_word' id='word_1_45' title='bbox 1652 816 1826 875; x_wconf 91' lang='lat' dir='ltr'><strong>quas</strong></span> <span class='ocrx_word' id='word_1_46' title='bbox 1878 796 2211 875; x_wconf 89' lang='lat' dir='ltr'><strong>praetorii</strong></span> <span class='ocrx_word' id='word_1_47' title='bbox 2535 855 2570 876; x_wconf 18' lang='grc' dir='ltr'><strong>,ί</strong></span> 
     </span>
     <span class='ocr_line' id='line_1_7' title="bbox 312 883 2642 1006; baseline 0 -52"><span class='ocrx_word' id='word_1_48' title='bbox 312 914 438 973; x_wconf 88' lang='lat' dir='ltr'><strong>pro</strong></span> <span class='ocrx_word' id='word_1_49' title='bbox 485 904 804 972; x_wconf 89' lang='lat' dir='ltr'><strong>praetore</strong></span> <span class='ocrx_word' id='word_1_50' title='bbox 853 897 1268 967; x_wconf 88' lang='lat' dir='ltr'><strong>obtinerent,</strong></span> <span class='ocrx_word' id='word_1_51' title='bbox 1308 914 1447 968; x_wconf 90' lang='lat' dir='ltr'><strong>eos,</strong></span> <span class='ocrx_word' id='word_1_52' title='bbox 1488 896 1609 973; x_wconf 88' lang='lat' dir='ltr'><strong>qui</strong></span> <span class='ocrx_word' id='word_1_53' title='bbox 1661 904 2027 972; x_wconf 74' lang='lat' dir='ltr'><strong>praetores</strong></span> <span class='ocrx_word' id='word_1_54' title='bbox 2072 893 2210 954; x_wconf 85' lang='lat' dir='ltr'><strong>sue-</strong></span> <span class='ocrx_word' id='word_1_55' title='bbox 2370 883 2596 1006; x_wconf 43' lang='lat' dir='ltr'><strong>Xxjfj</strong></span> <span class='ocrx_word' id='word_1_56' title='bbox 2639 949 2642 982; x_wconf 50' lang='grc' dir='ltr'>Ι</span> 
     </span>
     <span class='ocr_line' id='line_1_8' title="bbox 311 993 2209 1071; baseline -0.002 -17"><span class='ocrx_word' id='word_1_57' title='bbox 311 1002 470 1054; x_wconf 85' lang='lat' dir='ltr'><strong>runt</strong></span> <span class='ocrx_word' id='word_1_58' title='bbox 511 1010 735 1071; x_wconf 89' lang='lat' dir='ltr'><strong>neque</strong></span> <span class='ocrx_word' id='word_1_59' title='bbox 779 995 847 1053; x_wconf 91' lang='lat' dir='ltr'><strong>in</strong></span> <span class='ocrx_word' id='word_1_60' title='bbox 1365 1012 1518 1053; x_wconf 92' lang='lat' dir='ltr'><strong>cum</strong></span> <span class='ocrx_word' id='word_1_61' title='bbox 1567 996 1863 1071; x_wconf 91' lang='lat' dir='ltr'><strong>imperio</strong></span> <span class='ocrx_word' id='word_1_62' title='bbox 1909 993 2209 1063; x_wconf 89' lang='lat' dir='ltr'><strong>fuerunt,</strong></span> 
     </span>
     <span class='ocr_line' id='line_1_9' title="bbox 311 1090 2213 1167; baseline -0.001 -18"><span class='ocrx_word' id='word_1_63' title='bbox 311 1106 488 1167; x_wconf 90' lang='lat' dir='ltr'><strong>quos</strong></span> <span class='ocrx_word' id='word_1_64' title='bbox 536 1107 785 1162; x_wconf 87' lang='lat' dir='ltr'><strong>eorum,</strong></span> <span class='ocrx_word' id='word_1_65' title='bbox 829 1108 914 1149; x_wconf 85' lang='lat' dir='ltr'><strong>ex</strong></span> <span class='ocrx_word' id='word_1_66' title='bbox 964 1106 1011 1150; x_wconf 90' lang='lat' dir='ltr'><strong>s.</strong></span> <span class='ocrx_word' id='word_1_67' title='bbox 1056 1108 1108 1151; x_wconf 93' lang='lat' dir='ltr'><strong>c.</strong></span> <span class='ocrx_word' id='word_1_68' title='bbox 1156 1107 1309 1149; x_wconf 90' lang='lat' dir='ltr'><strong>cum</strong></span> <span class='ocrx_word' id='word_1_69' title='bbox 1356 1110 1376 1149; x_wconf 87' lang='lat'>1</span> <span class='ocrx_word' id='word_1_70' title='bbox 1577 1092 1650 1150; x_wconf 85' lang='lat' dir='ltr'><strong>io</strong></span> <span class='ocrx_word' id='word_1_71' title='bbox 1696 1091 1767 1149; x_wconf 93' lang='lat' dir='ltr'><strong>in</strong></span> <span class='ocrx_word' id='word_1_72' title='bbox 1817 1090 2213 1167; x_wconf 86' lang='lat' dir='ltr'><strong>provincias</strong></span> 
     </span>
     <span class='ocr_line' id='line_1_10' title="bbox 311 1188 2218 1265; baseline 0.001 -21"><span class='ocrx_word' id='word_1_73' title='bbox 311 1205 438 1263; x_wconf 90' lang='lat' dir='ltr'><strong>pro</strong></span> <span class='ocrx_word' id='word_1_74' title='bbox 476 1205 638 1263; x_wconf 89' lang='lat' dir='ltr'><strong>prae</strong></span> <span class='ocrx_word' id='word_1_75' title='bbox 656 1197 805 1247; x_wconf 91' lang='lat' dir='ltr'><strong>tore</strong></span> <span class='ocrx_word' id='word_1_76' title='bbox 852 1188 1033 1247; x_wconf 88' lang='lat' dir='ltr'><strong>mitti</strong></span> <span class='ocrx_word' id='word_1_77' title='bbox 1077 1196 1451 1265; x_wconf 90' lang='lat' dir='ltr'><strong>oporteret,</strong></span> <span class='ocrx_word' id='word_1_78' title='bbox 1491 1205 1613 1248; x_wconf 90' lang='lat' dir='ltr'><strong>eos</strong></span> <span class='ocrx_word' id='word_1_79' title='bbox 1652 1189 1904 1247; x_wconf 90' lang='lat' dir='ltr'><strong>sortito</strong></span> <span class='ocrx_word' id='word_1_80' title='bbox 2105 1205 2218 1246; x_wconf 79' lang='lat' dir='ltr'><strong>ro·</strong></span> 
     </span>
     <span class='ocr_line' id='line_1_11' title="bbox 310 1284 2172 1363; baseline -0.001 -19"><span class='ocrx_word' id='word_1_81' title='bbox 310 1284 576 1345; x_wconf 82' lang='lat' dir='ltr'><strong>vincias</strong></span> <span class='ocrx_word' id='word_1_82' title='bbox 643 1286 825 1345; x_wconf 89' lang='lat' dir='ltr'><strong>mitti</strong></span> <span class='ocrx_word' id='word_1_83' title='bbox 890 1286 1201 1363; x_wconf 82' lang='lat' dir='ltr'><strong>placere3</strong></span> <span class='ocrx_word' id='word_1_84' title='bbox 1277 1286 1338 1345; x_wconf 92' lang='lat' dir='ltr'><strong>si</strong></span> <span class='ocrx_word' id='word_1_85' title='bbox 1396 1303 1479 1345; x_wconf 86' lang='lat' dir='ltr'><strong>ex</strong></span> <span class='ocrx_word' id='word_1_86' title='bbox 1534 1304 1616 1345; x_wconf 90' lang='lat' dir='ltr'><strong>eo</strong></span> <span class='ocrx_word' id='word_1_87' title='bbox 1672 1304 1976 1357; x_wconf 88' lang='lat' dir='ltr'><strong>numero,</strong></span> <span class='ocrx_word' id='word_1_88' title='bbox 2038 1303 2172 1362; x_wconf 90' lang='lat' dir='ltr'><strong>quo</strong></span> 
     </span>
     <span class='ocr_line' id='line_1_12' title="bbox 311 1383 2212 1468; baseline 0.001 -28"><span class='ocrx_word' id='word_1_89' title='bbox 311 1400 401 1442; x_wconf 81' lang='lat' dir='ltr'><strong>ex</strong></span> <span class='ocrx_word' id='word_1_90' title='bbox 451 1400 499 1443; x_wconf 81' lang='lat' dir='ltr'><strong>S.</strong></span> <span class='ocrx_word' id='word_1_91' title='bbox 547 1402 598 1445; x_wconf 87' lang='lat' dir='ltr'><strong>c.</strong></span> <span class='ocrx_word' id='word_1_92' title='bbox 652 1384 1182 1468; x_wconf 60' lang='lat' dir='ltr'><strong>iUrovincias</strong></span> <span class='ocrx_word' id='word_1_93' title='bbox 1243 1384 1343 1442; x_wconf 90' lang='lat' dir='ltr'><strong>ire</strong></span> <span class='ocrx_word' id='word_1_94' title='bbox 1404 1395 1784 1460; x_wconf 77' lang='lat' dir='ltr'><strong>oporteret,</strong></span> <span class='ocrx_word' id='word_1_95' title='bbox 1843 1383 1927 1443; x_wconf 89' lang='lat' dir='ltr'><strong>ad</strong></span> <span class='ocrx_word' id='word_1_96' title='bbox 1981 1402 2212 1442; x_wconf 73' lang='lat' dir='ltr'><strong>nurne-</strong></span> 
     </span>
     <span class='ocr_line' id='line_1_13' title="bbox 312 1479 2418 1559; baseline -0.001 -20"><span class='ocrx_word' id='word_1_97' title='bbox 312 1498 457 1540; x_wconf 85' lang='lat' dir='ltr'><strong>rum</strong></span> <span class='ocrx_word' id='word_1_98' title='bbox 519 1498 657 1540; x_wconf 90' lang='lat' dir='ltr'><strong>non</strong></span> <span class='ocrx_word' id='word_1_99' title='bbox 721 1491 970 1553; x_wconf 89' lang='lat' dir='ltr'><strong>essent,</strong></span> <span class='ocrx_word' id='word_1_100' title='bbox 1039 1481 1156 1559; x_wconf 93' lang='lat' dir='ltr'><strong>qui</strong></span> <span class='ocrx_word' id='word_1_101' title='bbox 1219 1481 1291 1539; x_wconf 93' lang='lat' dir='ltr'><strong>in</strong></span> <span class='ocrx_word' id='word_1_102' title='bbox 1355 1495 1473 1540; x_wconf 89' lang='lat' dir='ltr'><strong>eas</strong></span> <span class='ocrx_word' id='word_1_103' title='bbox 1537 1482 1934 1558; x_wconf 83' lang='lat' dir='ltr'><strong>provincias</strong></span> <span class='ocrx_word' id='word_1_104' title='bbox 1998 1479 2210 1556; x_wconf 90' lang='lat' dir='ltr'><strong>profi·</strong></span> <span class='ocrx_word' id='word_1_105' title='bbox 2309 1491 2347 1526; x_wconf 64' lang='grc' dir='ltr'><strong>ι’</strong></span> <span class='ocrx_word' id='word_1_106' title='bbox 2413 1517 2418 1526; x_wconf 89' lang='lat'><em>-</em></span> 
     </span>
     <span class='ocr_line' id='line_1_14' title="bbox 313 1579 2208 1656; baseline 0 -20"><span class='ocrx_word' id='word_1_107' title='bbox 313 1579 762 1650; x_wconf 87' lang='lat' dir='ltr'><strong>ciscerentur,</strong></span> <span class='ocrx_word' id='word_1_108' title='bbox 799 1586 939 1637; x_wconf 89' lang='lat' dir='ltr'><strong>tum</strong></span> <span class='ocrx_word' id='word_1_109' title='bbox 979 1580 1081 1639; x_wconf 90' lang='lat' dir='ltr'><strong>uti</strong></span> <span class='ocrx_word' id='word_1_110' title='bbox 1121 1579 1452 1656; x_wconf 91' lang='lat' dir='ltr'><strong>quodque</strong></span> <span class='ocrx_word' id='word_1_111' title='bbox 1498 1579 1876 1655; x_wconf 80' lang='lat' dir='ltr'><strong>collegium</strong></span> <span class='ocrx_word' id='word_1_112' title='bbox 1915 1579 2208 1655; x_wconf 90' lang='lat' dir='ltr'><strong>primum</strong></span> 
     </span>
     <span class='ocr_line' id='line_1_15' title="bbox 311 1673 2210 1753; baseline 0.001 -20"><span class='ocrx_word' id='word_1_113' title='bbox 311 1684 707 1752; x_wconf 87' lang='lat' dir='ltr'><strong>praetorum</strong></span> <span class='ocrx_word' id='word_1_114' title='bbox 751 1675 1006 1735; x_wconf 84' lang='lat' dir='ltr'><strong>fuisset</strong></span> <span class='ocrx_word' id='word_1_115' title='bbox 1059 1694 1288 1753; x_wconf 90' lang='lat' dir='ltr'><strong>neque</strong></span> <span class='ocrx_word' id='word_1_116' title='bbox 1337 1677 1405 1734; x_wconf 88' lang='lat' dir='ltr'><strong>in</strong></span> <span class='ocrx_word' id='word_1_117' title='bbox 1455 1673 1857 1753; x_wconf 85' lang='lat' dir='ltr'><strong>provi‘ncias</strong></span> <span class='ocrx_word' id='word_1_118' title='bbox 1910 1675 2210 1752; x_wconf 85' lang='lat' dir='ltr'><strong>profecti</strong></span> 
     </span>
     <span class='ocr_line' id='line_1_16' title="bbox 312 1772 2204 1851; baseline -0.001 -20"><span class='ocrx_word' id='word_1_119' title='bbox 312 1781 562 1842; x_wconf 89' lang='lat' dir='ltr'><strong>essent,</strong></span> <span class='ocrx_word' id='word_1_120' title='bbox 603 1772 698 1831; x_wconf 86' lang='lat' dir='ltr'><strong>ita</strong></span> <span class='ocrx_word' id='word_1_121' title='bbox 741 1782 928 1833; x_wconf 89' lang='lat' dir='ltr'><strong>sorte</strong></span> <span class='ocrx_word' id='word_1_122' title='bbox 976 1774 1047 1832; x_wconf 92' lang='lat' dir='ltr'><strong>in</strong></span> <span class='ocrx_word' id='word_1_123' title='bbox 1099 1774 1500 1851; x_wconf 79' lang='lat' dir='ltr'><strong>provincias</strong></span> <span class='ocrx_word' id='word_1_124' title='bbox 1546 1772 2204 1849; x_wconf 86' lang='lat' dir='ltr'><strong>proficiscerentur;</strong></span> 
     </span>
     <span class='ocr_line' id='line_1_17' title="bbox 314 1869 2205 1946; baseline 0.001 -19"><span class='ocrx_word' id='word_1_125' title='bbox 314 1869 373 1928; x_wconf 92' lang='lat' dir='ltr'><strong>si</strong></span> <span class='ocrx_word' id='word_1_126' title='bbox 432 1869 480 1927; x_wconf 91' lang='lat' dir='ltr'><strong>ii</strong></span> <span class='ocrx_word' id='word_1_127' title='bbox 539 1870 632 1930; x_wconf 59' lang='lat' dir='ltr'><strong>‘ad</strong></span> <span class='ocrx_word' id='word_1_128' title='bbox 699 1890 1056 1930; x_wconf 86' lang='lat' dir='ltr'><strong>numerum</strong></span> <span class='ocrx_word' id='word_1_129' title='bbox 1123 1890 1266 1931; x_wconf 92' lang='lat' dir='ltr'><strong>non</strong></span> <span class='ocrx_word' id='word_1_130' title='bbox 1333 1879 1587 1941; x_wconf 78' lang='lat' dir='ltr'><strong>essent,</strong></span> <span class='ocrx_word' id='word_1_131' title='bbox 1645 1879 1810 1928; x_wconf 89' lang='lat' dir='ltr'><strong>tunc</strong></span> <span class='ocrx_word' id='word_1_132' title='bbox 1880 1869 2205 1946; x_wconf 90' lang='lat' dir='ltr'><strong>deinceps</strong></span> 
     </span>
     <span class='ocr_line' id='line_1_18' title="bbox 312 1957 2318 2046; baseline 0 -20"><span class='ocrx_word' id='word_1_133' title='bbox 312 1969 612 2044; x_wconf 83' lang='lat' dir='ltr'><strong>proximi</strong></span> <span class='ocrx_word' id='word_1_134' title='bbox 647 1970 983 2045; x_wconf 90' lang='lat' dir='ltr'><strong>cuiusque</strong></span> <span class='ocrx_word' id='word_1_135' title='bbox 1020 1969 1321 2046; x_wconf 86' lang='lat' dir='ltr'><strong>collegii,</strong></span> <span class='ocrx_word' id='word_1_136' title='bbox 1355 1970 1474 2046; x_wconf 81' lang='lat' dir='ltr'><strong>qui</strong></span> <span class='ocrx_word' id='word_1_137' title='bbox 1509 1977 1870 2045; x_wconf 87' lang='lat' dir='ltr'><strong>praetores</strong></span> <span class='ocrx_word' id='word_1_138' title='bbox 1907 1966 2208 2027; x_wconf 87' lang='lat' dir='ltr'><strong>fuissent</strong></span> <span class='ocrx_word' id='word_1_139' title='bbox 2239 1957 2318 2015; x_wconf 80' lang='lat'><strong>&#39;&#39;.··.</strong></span> 
     </span>
     <span class='ocr_line' id='line_1_19' title="bbox 312 2067 2286 2146; baseline -0.001 -19"><span class='ocrx_word' id='word_1_140' title='bbox 312 2087 537 2146; x_wconf 88' lang='lat' dir='ltr'><strong>neque</strong></span> <span class='ocrx_word' id='word_1_141' title='bbox 591 2070 660 2128; x_wconf 86' lang='lat' dir='ltr'><strong>in</strong></span> <span class='ocrx_word' id='word_1_142' title='bbox 715 2070 1113 2146; x_wconf 88' lang='lat' dir='ltr'><strong>provincias</strong></span> <span class='ocrx_word' id='word_1_143' title='bbox 1166 2068 1466 2146; x_wconf 85' lang='lat' dir='ltr'><strong>profecti</strong></span> <span class='ocrx_word' id='word_1_144' title='bbox 1519 2077 1772 2136; x_wconf 89' lang='lat' dir='ltr'><strong>essent,</strong></span> <span class='ocrx_word' id='word_1_145' title='bbox 1828 2067 1895 2124; x_wconf 90' lang='lat' dir='ltr'><strong>in</strong></span> <span class='ocrx_word' id='word_1_146' title='bbox 1950 2076 2286 2137; x_wconf 78' lang='lat' dir='ltr'><strong>sortem·¹</strong></span> 
     </span>
     <span class='ocr_line' id='line_1_20' title="bbox 312 2165 2205 2244; baseline -0.001 -20"><span class='ocrx_word' id='word_1_147' title='bbox 312 2166 849 2238; x_wconf 88' lang='lat' dir='ltr'><strong>coniicerentur,</strong></span> <span class='ocrx_word' id='word_1_148' title='bbox 898 2166 1125 2244; x_wconf 90' lang='lat' dir='ltr'><strong>quoad</strong></span> <span class='ocrx_word' id='word_1_149' title='bbox 1172 2167 1232 2226; x_wconf 93' lang='lat' dir='ltr'><strong>is</strong></span> <span class='ocrx_word' id='word_1_150' title='bbox 1277 2182 1604 2225; x_wconf 84' lang='lat' dir='ltr'><strong>num-erus</strong></span> <span class='ocrx_word' id='word_1_151' title='bbox 1653 2165 1950 2224; x_wconf 85' lang='lat' dir='ltr'><strong>effectus</strong></span> <span class='ocrx_word' id='word_1_152' title='bbox 2005 2174 2205 2235; x_wconf 91' lang='lat' dir='ltr'><strong>esset,</strong></span> 
     </span>
     <span class='ocr_line' id='line_1_21' title="bbox 313 2252 2306 2345; baseline 0.002 -24"><span class='ocrx_word' id='word_1_153' title='bbox 313 2281 514 2339; x_wconf 87' lang='lat' dir='ltr'><strong>quern</strong></span> <span class='ocrx_word' id='word_1_154' title='bbox 540 2264 622 2323; x_wconf 87' lang='lat' dir='ltr'><strong>ad</strong></span> <span class='ocrx_word' id='word_1_155' title='bbox 660 2282 1014 2342; x_wconf 82' lang='lat' dir='ltr'><strong>numerum</strong></span> <span class='ocrx_word' id='word_1_156' title='bbox 1050 2265 1118 2322; x_wconf 91' lang='lat' dir='ltr'><strong>in</strong></span> <span class='ocrx_word' id='word_1_157' title='bbox 1153 2265 1554 2342; x_wconf 87' lang='lat' dir='ltr'><strong>provincias</strong></span> <span class='ocrx_word' id='word_1_158' title='bbox 1590 2265 1773 2334; x_wconf 78' lang='lat' dir='ltr'><strong>mitti</strong></span> <span class='ocrx_word' id='word_1_159' title='bbox 1806 2272 2204 2345; x_wconf 88' lang='lat' dir='ltr'><strong>oporteret;</strong></span> <span class='ocrx_word' id='word_1_160' title='bbox 2293 2252 2306 2285; x_wconf 66' lang='lat'>³</span> 
     </span>
     <span class='ocr_line' id='line_1_22' title="bbox 313 2359 2206 2438; baseline 0 -19"><span class='ocrx_word' id='word_1_161' title='bbox 313 2361 371 2419; x_wconf 90' lang='lat' dir='ltr'><strong>si</strong></span> <span class='ocrx_word' id='word_1_162' title='bbox 406 2361 562 2438; x_wconf 91' lang='lat' dir='ltr'><strong>quis</strong></span> <span class='ocrx_word' id='word_1_163' title='bbox 597 2359 755 2421; x_wconf 90' lang='lat' dir='ltr'><strong>huic</strong></span> <span class='ocrx_word' id='word_1_164' title='bbox 779 2379 825 2422; x_wconf 90' lang='lat' dir='ltr'><strong>s.</strong></span> <span class='ocrx_word' id='word_1_165' title='bbox 853 2381 906 2421; x_wconf 89' lang='lat' dir='ltr'><strong>e.</strong></span> <span class='ocrx_word' id='word_1_166' title='bbox 935 2362 1473 2434; x_wconf 90' lang='lat' dir='ltr'><strong>intercessisset,</strong></span> <span class='ocrx_word' id='word_1_167' title='bbox 1503 2363 1889 2421; x_wconf 87' lang='lat' dir='ltr'><strong>auctoritas</strong></span> <span class='ocrx_word' id='word_1_168' title='bbox 1917 2363 2206 2437; x_wconf 91' lang='lat' dir='ltr'><strong>perscri-</strong></span> 
     </span>
     <span class='ocr_line' id='line_1_23' title="bbox 312 2406 2230 2531; baseline 0.003 -14"><span class='ocrx_word' id='word_1_169' title='bbox 312 2459 599 2519; x_wconf 91' lang='lat' dir='ltr'><strong>beretur.</strong></span> <span class='ocrx_word' id='word_1_170' title='bbox 700 2458 883 2519; x_wconf 89' lang='lat' dir='ltr'><strong>Huic</strong></span> <span class='ocrx_word' id='word_1_171' title='bbox 946 2476 993 2519; x_wconf 80' lang='lat' dir='ltr'><strong>s·</strong></span> <span class='ocrx_word' id='word_1_172' title='bbox 1057 2477 1110 2520; x_wconf 90' lang='lat' dir='ltr'><strong>e.</strong></span> <span class='ocrx_word' id='word_1_173' title='bbox 1175 2460 1578 2519; x_wconf 87' lang='lat' dir='ltr'><strong>intercessit</strong></span> <span class='ocrx_word' id='word_1_174' title='bbox 1642 2456 1712 2520; x_wconf 89' lang='lat' dir='ltr'><strong>C.</strong></span> <span class='ocrx_word' id='word_1_175' title='bbox 1770 2458 2067 2531; x_wconf 78' lang='lat' dir='ltr'><strong>CaeliuS,</strong></span> <span class='ocrx_word' id='word_1_176' title='bbox 2135 2406 2230 2527; x_wconf 48' lang='lat' dir='ltr'><strong>C]</strong></span> 
     </span>
     <span class='ocr_line' id='line_1_24' title="bbox 311 2522 2336 2634; baseline 0.007 -18"><span class='ocrx_word' id='word_1_177' title='bbox 311 2555 552 2627; x_wconf 89' lang='lat' dir='ltr'><strong>Pansa,</strong></span> <span class='ocrx_word' id='word_1_178' title='bbox 577 2558 948 2634; x_wconf 89' lang='lat' dir='ltr'><strong>tribunipl.</strong></span> <span class='ocrx_word' id='word_1_179' title='bbox 1054 2522 1141 2619; x_wconf 38' lang='grc' dir='ltr'><strong><em>β</em></strong></span> <span class='ocrx_word' id='word_1_180' title='bbox 2001 2600 2013 2617; x_wconf 77' lang='lat'><strong>.</strong></span> <span class='ocrx_word' id='word_1_181' title='bbox 2209 2562 2230 2629; x_wconf 63' lang='lat' dir='ltr'><strong>&#39;l</strong></span> <span class='ocrx_word' id='word_1_182' title='bbox 2329 2588 2336 2595; x_wconf 82' lang='grc'><strong>’</strong></span> 
     </span>
    </p>

    <p class='ocr_par' dir='ltr' id='par_1_4' title="bbox 308 2644 2632 3517">
     <span class='ocr_line' id='line_1_25' title="bbox 396 2644 2246 2767; baseline -0.001 -52"><span class='ocrx_word' id='word_1_183' title='bbox 396 2674 452 2730; x_wconf 90' lang='grc'><strong>9.</strong></span> <span class='ocrx_word' id='word_1_184' title='bbox 493 2655 600 2715; x_wconf 87' lang='lat' dir='ltr'><strong>Illa</strong></span> <span class='ocrx_word' id='word_1_185' title='bbox 639 2666 939 2731; x_wconf 83' lang='lat' dir='ltr'><strong>praeterea</strong></span> <span class='ocrx_word' id='word_1_186' title='bbox 976 2655 1087 2715; x_wconf 90' lang='lat' dir='ltr'><strong>Cn.</strong></span> <span class='ocrx_word' id='word_1_187' title='bbox 1116 2655 1388 2734; x_wconf 72' lang='lat' dir='ltr'><strong>Pompeii</strong></span> <span class='ocrx_word' id='word_1_188' title='bbox 1423 2668 1563 2718; x_wconf 86' lang='lat' dir='ltr'><strong>sunt</strong></span> <span class='ocrx_word' id='word_1_189' title='bbox 1599 2657 2015 2729; x_wconf 82' lang='lat' dir='ltr'><strong>animadversa,</strong></span> <span class='ocrx_word' id='word_1_190' title='bbox 2036 2644 2246 2767; x_wconf 54' lang='lat' dir='ltr'><strong>¹quae&#39;l</strong></span> 
     </span>
     <span class='ocr_line' id='line_1_26' title="bbox 311 2753 2246 2825; baseline -0.001 -14"><span class='ocrx_word' id='word_1_191' title='bbox 311 2754 567 2812; x_wconf 83' lang='lat' dir='ltr'><strong>maxime</strong></span> <span class='ocrx_word' id='word_1_192' title='bbox 608 2753 1020 2812; x_wconf 88' lang='lat' dir='ltr'><strong>confidentiam</strong></span> <span class='ocrx_word' id='word_1_193' title='bbox 1061 2755 1370 2815; x_wconf 87' lang='lat' dir='ltr'><strong>attulerunt</strong></span> <span class='ocrx_word' id='word_1_194' title='bbox 1405 2755 1753 2825; x_wconf 82' lang='lat' dir='ltr'><strong>hominibuS,</strong></span> <span class='ocrx_word' id='word_1_195' title='bbox 1790 2763 1853 2812; x_wconf 93' lang='lat' dir='ltr'><strong>ut</strong></span> <span class='ocrx_word' id='word_1_196' title='bbox 1887 2754 2104 2812; x_wconf 91' lang='lat' dir='ltr'><strong>diceret</strong></span> <span class='ocrx_word' id='word_1_197' title='bbox 2141 2772 2206 2812; x_wconf 89' lang='lat' dir='ltr'><strong>se</strong></span> <span class='ocrx_word' id='word_1_198' title='bbox 2235 2772 2246 2807; x_wconf 67' lang='grc' dir='ltr'><em>ε</em></span> 
     </span>
     <span class='ocr_line' id='line_1_27' title="bbox 312 2810 2632 3004; baseline -0.001 -92"><span class='ocrx_word' id='word_1_199' title='bbox 312 2862 447 2912; x_wconf 84' lang='lat' dir='ltr'><strong>ante</strong></span> <span class='ocrx_word' id='word_1_200' title='bbox 495 2850 631 2911; x_wconf 86' lang='lat' dir='ltr'><strong>Kal.</strong></span> <span class='ocrx_word' id='word_1_201' title='bbox 676 2850 917 2910; x_wconf 87' lang='lat' dir='ltr'><strong>Martias</strong></span> <span class='ocrx_word' id='word_1_202' title='bbox 966 2869 1091 2910; x_wconf 90' lang='lat' dir='ltr'><strong>non</strong></span> <span class='ocrx_word' id='word_1_203' title='bbox 1133 2870 1310 2928; x_wconf 91' lang='lat' dir='ltr'><strong>posse</strong></span> <span class='ocrx_word' id='word_1_204' title='bbox 1360 2854 1485 2912; x_wconf 89' lang='lat' dir='ltr'><strong>sine</strong></span> <span class='ocrx_word' id='word_1_205' title='bbox 1526 2853 1730 2911; x_wconf 88' lang='lat' dir='ltr'><strong>iniuria</strong></span> <span class='ocrx_word' id='word_1_206' title='bbox 1772 2853 1845 2911; x_wconf 95' lang='lat' dir='ltr'><strong>de</strong></span> <span class='ocrx_word' id='word_1_207' title='bbox 1892 2810 2247 3004; x_wconf 54' lang='lat' dir='ltr'><strong>provinciis!</strong></span> <span class='ocrx_word' id='word_1_208' title='bbox 2455 2829 2546 2939; x_wconf 60' lang='lat' dir='ltr'><strong>ll!</strong></span> <span class='ocrx_word' id='word_1_209' title='bbox 2581 2846 2632 2920; x_wconf 66' lang='lat' dir='ltr'>Z</span> 
     </span>
     <span class='ocr_line' id='line_1_28' title="bbox 312 2947 2203 3025; baseline 0.001 -18"><span class='ocrx_word' id='word_1_210' title='bbox 312 2947 578 3009; x_wconf 86' lang='lat' dir='ltr'><strong>Caesaris</strong></span> <span class='ocrx_word' id='word_1_211' title='bbox 615 2958 882 3020; x_wconf 85' lang='lat' dir='ltr'><strong>statuere,</strong></span> <span class='ocrx_word' id='word_1_212' title='bbox 911 2959 1050 3025; x_wconf 93' lang='lat' dir='ltr'><strong>post</strong></span> <span class='ocrx_word' id='word_1_213' title='bbox 1085 2948 1218 3007; x_wconf 86' lang='lat' dir='ltr'><strong>Kal.</strong></span> <span class='ocrx_word' id='word_1_214' title='bbox 1249 2950 1495 3010; x_wconf 86' lang='lat' dir='ltr'><strong>Martias</strong></span> <span class='ocrx_word' id='word_1_215' title='bbox 1531 2968 1600 3010; x_wconf 90' lang='lat' dir='ltr'><strong>se</strong></span> <span class='ocrx_word' id='word_1_216' title='bbox 1633 2968 1756 3009; x_wconf 92' lang='lat' dir='ltr'><strong>non</strong></span> <span class='ocrx_word' id='word_1_217' title='bbox 1795 2951 2203 3009; x_wconf 88' lang='lat' dir='ltr'><strong>dubitaturum.</strong></span> 
     </span>
     <span class='ocr_line' id='line_1_29' title="bbox 312 3045 2204 3124; baseline 0.001 -18"><span class='ocrx_word' id='word_1_218' title='bbox 312 3045 465 3106; x_wconf 89' lang='lat' dir='ltr'><strong>Cum</strong></span> <span class='ocrx_word' id='word_1_219' title='bbox 505 3046 967 3122; x_wconf 87' lang='lat' dir='ltr'><strong>interrogaretur,</strong></span> <span class='ocrx_word' id='word_1_220' title='bbox 1012 3048 1060 3106; x_wconf 90' lang='lat' dir='ltr'><strong>si</strong></span> <span class='ocrx_word' id='word_1_221' title='bbox 1101 3048 1205 3124; x_wconf 89' lang='lat' dir='ltr'><strong>qui</strong></span> <span class='ocrx_word' id='word_1_222' title='bbox 1249 3059 1376 3111; x_wconf 86' lang='lat' dir='ltr'><strong>tum</strong></span> <span class='ocrx_word' id='word_1_223' title='bbox 1422 3049 1857 3119; x_wconf 88' lang='lat' dir='ltr'><strong>intercederent,</strong></span> <span class='ocrx_word' id='word_1_224' title='bbox 1901 3049 2046 3110; x_wconf 85' lang='lat' dir='ltr'><strong>dixit</strong></span> <span class='ocrx_word' id='word_1_225' title='bbox 2090 3048 2204 3107; x_wconf 90' lang='lat' dir='ltr'><strong>hoc</strong></span> 
     </span>
     <span class='ocr_line' id='line_1_30' title="bbox 309 3144 2206 3215; baseline 0 -11"><span class='ocrx_word' id='word_1_226' title='bbox 309 3144 449 3204; x_wconf 84' lang='lat' dir='ltr'><strong>nihil</strong></span> <span class='ocrx_word' id='word_1_227' title='bbox 503 3144 803 3215; x_wconf 86' lang='lat' dir='ltr'><strong>interesse,</strong></span> <span class='ocrx_word' id='word_1_228' title='bbox 847 3155 1042 3203; x_wconf 90' lang='lat' dir='ltr'><strong>utrum</strong></span> <span class='ocrx_word' id='word_1_229' title='bbox 1089 3144 1157 3205; x_wconf 91' lang='lat' dir='ltr'><strong>C.</strong></span> <span class='ocrx_word' id='word_1_230' title='bbox 1180 3145 1420 3205; x_wconf 85' lang='lat' dir='ltr'><strong>Caesar</strong></span> <span class='ocrx_word' id='word_1_231' title='bbox 1472 3145 1697 3204; x_wconf 85' lang='lat' dir='ltr'><strong>senatui</strong></span> <span class='ocrx_word' id='word_1_232' title='bbox 1752 3147 1908 3205; x_wconf 92' lang='lat' dir='ltr'><strong>dicto</strong></span> <span class='ocrx_word' id='word_1_233' title='bbox 1962 3146 2206 3204; x_wconf 89' lang='lat' dir='ltr'><strong>audiens</strong></span> 
     </span>
     <span class='ocr_line' id='line_1_31' title="bbox 308 3241 2210 3320; baseline 0.002 -21"><span class='ocrx_word' id='word_1_234' title='bbox 308 3241 533 3300; x_wconf 83' lang='lat' dir='ltr'><strong>futurus</strong></span> <span class='ocrx_word' id='word_1_235' title='bbox 593 3259 719 3303; x_wconf 83' lang='lat' dir='ltr'><strong>non</strong></span> <span class='ocrx_word' id='word_1_236' title='bbox 779 3252 931 3301; x_wconf 87' lang='lat' dir='ltr'><strong>esset</strong></span> <span class='ocrx_word' id='word_1_237' title='bbox 994 3261 1072 3302; x_wconf 86' lang='lat' dir='ltr'><strong>an</strong></span> <span class='ocrx_word' id='word_1_238' title='bbox 1133 3253 1362 3319; x_wconf 88' lang='lat' dir='ltr'><strong>pararet</strong></span> <span class='ocrx_word' id='word_1_239' title='bbox 1415 3243 1515 3320; x_wconf 91' lang='lat' dir='ltr'><strong>qui</strong></span> <span class='ocrx_word' id='word_1_240' title='bbox 1570 3253 1838 3302; x_wconf 88' lang='lat' dir='ltr'><strong>senatum</strong></span> <span class='ocrx_word' id='word_1_241' title='bbox 1891 3243 2210 3304; x_wconf 83' lang='lat' dir='ltr'><strong>decernere</strong></span> 
     </span>
     <span class='ocr_line' id='line_1_32' title="bbox 309 3338 2214 3418; baseline 0.003 -21"><span class='ocrx_word' id='word_1_242' title='bbox 309 3358 432 3404; x_wconf 84' lang='lat' dir='ltr'><strong>non</strong></span> <span class='ocrx_word' id='word_1_243' title='bbox 480 3349 787 3415; x_wconf 89' lang='lat' dir='ltr'><strong>pateretur.</strong></span> <span class='ocrx_word' id='word_1_244' title='bbox 872 3344 887 3371; x_wconf 92' lang='lat'>‘</span> <span class='ocrx_word' id='word_1_245' title='bbox 911 3338 1086 3411; x_wconf 91' lang='lat' dir='ltr'><strong>Quid,</strong></span> <span class='ocrx_word' id='word_1_246' title='bbox 1135 3341 1207 3399; x_wconf 91' lang='lat' dir='ltr'><strong>si’</strong></span> <span class='ocrx_word' id='word_1_247' title='bbox 1257 3342 1445 3418; x_wconf 89' lang='lat' dir='ltr'><strong>inquit</strong></span> <span class='ocrx_word' id='word_1_248' title='bbox 1491 3341 1636 3400; x_wconf 88' lang='lat' dir='ltr'><strong>alius</strong></span> <span class='ocrx_word' id='word_1_249' title='bbox 1688 3346 1703 3373; x_wconf 92' lang='lat'>‘</span> <span class='ocrx_word' id='word_1_250' title='bbox 1724 3349 1785 3400; x_wconf 92' lang='lat' dir='ltr'><strong>et</strong></span> <span class='ocrx_word' id='word_1_251' title='bbox 1826 3341 2032 3401; x_wconf 90' lang='lat' dir='ltr'><strong>consul</strong></span> <span class='ocrx_word' id='word_1_252' title='bbox 2073 3361 2214 3403; x_wconf 85' lang='lat' dir='ltr'><strong>esse-</strong></span> 
     </span>
     <span class='ocr_line' id='line_1_33' title="bbox 308 3435 2204 3517; baseline 0.004 -21"><span class='ocrx_word' id='word_1_253' title='bbox 308 3448 366 3506; x_wconf 79' lang='lat' dir='ltr'><strong>et</strong></span> <span class='ocrx_word' id='word_1_254' title='bbox 418 3436 739 3498; x_wconf 80' lang='lat' dir='ltr'><strong>exercitum</strong></span> <span class='ocrx_word' id='word_1_255' title='bbox 789 3435 1003 3499; x_wconf 82' lang='lat' dir='ltr'><strong>habere</strong></span> <span class='ocrx_word' id='word_1_256' title='bbox 1058 3438 1211 3497; x_wconf 89' lang='lat' dir='ltr'><strong>volet</strong></span> <span class='ocrx_word' id='word_1_257' title='bbox 1227 3438 1276 3497; x_wconf 86' lang='lat'><strong>?’</strong></span> <span class='ocrx_word' id='word_1_258' title='bbox 1356 3440 1440 3499; x_wconf 88' lang='lat' dir='ltr'><strong>At</strong></span> <span class='ocrx_word' id='word_1_259' title='bbox 1492 3438 1585 3498; x_wconf 84' lang='lat' dir='ltr'><strong>ille</strong></span> <span class='ocrx_word' id='word_1_260' title='bbox 1607 3460 1620 3473; x_wconf 27' lang='grc' dir='ltr'>κ</span> <span class='ocrx_word' id='word_1_261' title='bbox 1634 3456 1810 3517; x_wconf 86' lang='lat' dir='ltr'><strong>quam</strong></span> <span class='ocrx_word' id='word_1_262' title='bbox 1857 3438 2204 3505; x_wconf 75' lang='lat' dir='ltr'><strong>clementer:</strong></span> 
     </span>
    </p>

    <p class='ocr_par' dir='ltr' id='par_1_5' title="bbox 1196 3555 1306 3602">
     <span class='ocr_line' id='line_1_34' title="bbox 1196 3555 1306 3602; baseline -0.009 0"><span class='ocrx_word' id='word_1_263' title='bbox 1196 3555 1243 3602; x_wconf 71' lang='lat' dir='ltr'><strong>B</strong></span> <span class='ocrx_word' id='word_1_264' title='bbox 1273 3556 1306 3601; x_wconf 74' lang='lat'><em>2</em></span> 
     </span>
    </p>
   </div>
   <div class='ocr_carea' id='block_1_3' title="bbox 1904 1197 2564 2399">
    <p class='ocr_par' dir='ltr' id='par_1_6' title="bbox 1904 1197 2564 2399">
     <span class='ocr_line' id='line_1_35' title="bbox 1904 1197 2564 2399; baseline 0 -1151"><span class='ocrx_word' id='word_1_265' title='bbox 1904 1197 2096 1248; x_wconf 95' lang='lat' dir='ltr'><strong> </strong></span> <span class='ocrx_word' id='word_1_266' title='bbox 2172 1248 2564 2399; x_wconf 95' lang='lat' dir='ltr'><strong>    </strong></span> 
     </span>
    </p>
   </div>
  </div>
 </body>
</html>
