2642 3925
311 263 399 341 ΕΡ·
433 247 545 348 35.]
661 264 892 327 Eprsr.
937 274 1037 324 AD
1078 264 1527 340 FAMILIARJFJS
1569 262 1939 356 vrri-5653
1967 291 2043 347 3„-
2083 275 2232 336 3931--

306 424 410 482 tibi
453 423 527 482 de
567 410 692 483 tota
721 410 793 483 're
812 410 1004 486 esset.
1087 425 1282 497 Nunc,
1326 409 1374 486 si
1396 405 1491 485 ”ad
1519 415 1698 485 illam*
1729 406 2232 485 §umffi‘am⁴x7eri-‘

306 532 487 581 tatem
540 521 864 597 legitimum
913 524 1003 583 ius
1067 523 1348 601 exegeris,
1405 523 1731 583 cavendum
1794 522 1896 581 tibi
1959 522 2064 581 erit
2128 540 2206 582 ne

305 637 515 694 parum
568 619 904 695 simpliciter
948 631 1008 680 et
1062 621 1308 681 candide
1365 621 1693 698 deposuisse
1752 619 2079 679 inimicitias
2122 619 2207 678 vi-

307 717 514 776 dearis,
596 718 670 775 In
716 713 872 778 hanc
918 728 1144 796 partem
1192 737 1370 797 porro
1416 729 1605 778 tutum
1652 718 1757 777 tibi
1805 718 1927 789 erit,
1972 718 2021 777 si
2066 717 2206 795 quid

305 813 569 885 volueris,
604 814 945 891 gratificari;
995 834 1171 876 nemo
1204 817 1363 876 enim
1400 814 1824 876 necessitudine
1859 825 1919 875 et
1955 816 2207 874 amicitia

306 920 362 969 te
401 910 733 970 deterritum
774 914 852 971 ab
887 913 1083 973 officio
1121 914 1291 974 dicet.
1375 914 1528 974 Illud
1564 904 1707 973 mihi
1745 913 2008 983 occurrit,
2045 911 2206 988 quod

302 1010 454 1068 inter
487 1010 948 1085 postulationem
989 1021 1046 1070 et
1085 1013 1343 1073 nominis
1379 1013 1731 1072 'delationem
1767 1029 1917 1070 uxor
1953 1007 1991 1070 a
2024 1009 2206 1070 Dola·

305 1107 459 1165 bella
491 1109 773 1169 discessit.
832 1114 914 1168 '2.
959 1109 1119 1182 Quid
1160 1111 1302 1169 mihi
1361 1110 1669 1170 discedens
1724 1109 2032 1180 mandaris,
2081 1126 2205 1166 me·

304 1205 483 1278 mini;
528 1207 668 1282 quid
708 1224 824 1285 ego
866 1208 969 1266 tibi
1011 1208 1354 1284 scripserim,
1397 1218 1454 1268 te
1494 1225 1619 1268 non
1661 1208 1902 1267 arbitror
1943 1206 2205 1265 oblitum.

306 1301 451 1361 Non
480 1315 566 1363 est
593 1305 709 1363 iam
737 1314 969 1382 tempus
998 1305 1163 1382 plura
1200 1306 1487 1366 narrandi.
1569 1305 1773 1365 Unum
1800 1304 1939 1364 illud
1967 1322 2207 1365 monere

306 1412 367 1459 te
413 1419 689 1477 possum:
736 1403 918 1462 sires
961 1404 1065 1462 tibi
1110 1422 1233 1464 non
1275 1404 1617 1481 displicebit,
1661 1414 1856 1462 tamen
1900 1402 2036 1466 hoc,
2060 1412 2206 1463 tem·

307 1516 455 1575 pore
494 1499 634 1557 nihil
672 1500 747 1559 de
783 1509 885 1559 tua
920 1500 1217 1560 voluntate
1256 1500 1553 1573 ostendas,
1589 1510 1648 1560 et
1682 1510 1991 1578 exspectes
2029 1518 2207 1578 quem

235 1640 244 1649 .
307 1596 384 1655 ad
439 1597 684 1656 modum
744 1592 916 1657 exeat
971 1616 1047 1657 ex
1106 1598 1219 1657 hac
1273 1615 1483 1671 causa3
1548 1598 1828 1674 denique,
1860 1598 2207 1657 invidiosum

306 1694 413 1752 tibi
468 1695 558 1768 sit,
614 1684 685 1755 si'
720 1683 1031 1766 emanarit3
1095 1713 1290 1772 porr0,
1347 1696 1409 1753 si
1468 1685 1810 1771 significatio
1866 1695 1982 1754 ulla
2036 1696 2208 1754 inter-

307 1793 561 1864 cesserit,
600 1794 825 1865 clarius,
861 1811 1039 1869 quam
1081 1794 1286 1851 deceat
1328 1802 1427 1851 aut
1449 1792 1755 1868 -expediat,
1794 1792 1909 1851 fiat.
1996 1791 2206 1868 Neque

306 1889 402 1948 ille
443 1894 632 1949 tacere
674 1908 806 1949 eam
846 1908 974 1949 rem
1014 1890 1239 1967 poterit,
1277 1905 1429 1968 quae
1474 1907 1611 1949 suae
1643 1889 1784 1968 *spei
1825 1900 1945 1962 tam
1986 1904 2206 1968 oppor-

303 1998 449 2047 tuna
503 1988 777 2048 acciderit
835 2006 1104 2064 quaeque
1167 1990 1228 2047 in
1295 1988 1534 2064 negotio
1601 1988 1970 2047 conficiendo
2040 1996 2205 2046 tanto

305 2086 575 2145 illustrior
615 2088 754 2159 erit;
806 2105 943 2145 cum
983 2085 1321 2162 praesertim
1363 2086 1412 2147 is
1454 2087 1545 2158 sit,
1573 2087 1691 2163 qui,
1720 2087 1770 2146 si
1810 2085 2204 2163 perniciosum

304 2184 479 2242 sciret
532 2203 661 2244 esse
715 2185 876 2260 loqui
930 2183 1005 2243 de
1059 2183 1171 2243 hac
1218 2202 1299 2256 re,
1340 2183 1436 2245 vix
1491 2193 1689 2243 tamen
1743 2201 1808 2243 se
1863 2182 2202 2243 contineret.

310 2301 368 2356 3.
410 2281 726 2359 Pompeius
765 2281 973 2340 dicitur
1011 2282 1180 2340 valde
1221 2298 1331 2359 pro
1370 2282 1569 2359 Appio
1609 2280 1892 2352 laborare,
1929 2291 1993 2341 ut
2028 2283 2205 2341 etiam

307 2372 515 2457 putent
548 2380 791 2438 alterum
826 2389 1019 2437 utrum
1049 2378 1129 2438 de'
1161 2378 1288 2437 filiis
1328 2379 1404 2438 ad
1441 2389 1511 2437 te.
1532 2380 1864 2440 missurum.
1947 2378 2066 2439 Hic
2095 2398 2207 2440 nos

307 2497 518 2537 omnes
562 2478 914 2539 absolvimus
930 2497 948 2549 3
981 2488 1066 2537 et
1110 2477 1373 2538 hercules
1422 2488 1742 2555 consaepta
1790 2478 1991 2538 omnia
2034 2479 2208 2540 foeda

308 2585 367 2634 et
420 2575 731 2635 inhonesta
786 2585 936 2635 sunt.
1044 2574 1333 2635 Consules
1388 2587 1583 2637 autem
1640 2576 1923 2636 habemus
1978 2595 2208 2636 summa

309 2672 637 2748 diligentia;
682 2672 873 2731 adhuc
906 2682 1142 2731 senatus
1171 2673 1504 2732 consultum
1541 2674 1653 2733 nisi
1688 2675 1762 2732 de
1792 2673 1946 2733 feriis
1982 2671 2207 2732 Latinis

304 2770 533 2829 ,nullum
560 2770 751 2829 facere
788 2779 1119 2847 potuerunt.
1191 2768 1432 2830 Curioni
1471 2782 1673 2831 nostro
1706 2772 2029 2830 tribunatus
2067 2787 2206 2830 con-

307 2868 536 2944 glaciat.
619 2889 675 2940 4.
720 2867 840 2927 Sed
885 2868 998 2926 dici
1040 2887 1162 2926 non
1204 2879 1415 2944 potest,
1463 2887 1583 2947 quo
1632 2869 1814 2927 modo
1869 2867 1965 2926 hic
2005 2868 2205 2926 omnia

307 2966 567 3026 iaceant:
612 2966 722 3024 nisi
763 2982 877 3040 ego
920 2983 1057 3024 cum
1097 2967 1438 3029 tabernariis
1476 2976 1533 3026 et
1570 2966 1819 3043 aquariis
1860 2982 2203 3042 pugnarem,

307 3072 576 3122 veternus
626 3064 912 3123 civitatem
957 3075 1318 3140 occupasset,
1406 3064 1467 3124 Si
1515 3063 1709 3123 Parthi
1753 3081 1859 3123 vos
1907 3062 2060 3123 nihil¹
2092 3063 2207 3122 cal-

307 3161 527 3230 ficiunt,
570 3179 681 3219 nos
721 3181 829 3219 non
871 3161 1010 3219 nihil
1051 3161 1264 3238 frigore
1304 3162 1661 3239 rigescimus·
1765 3160 2013 3234 Tamen,
2056 3179 2204 3236 quo-

309 3276 430 3335 quo
468 3258 651 3317 modo
690 3259 894 3334 potuit,
931 3259 1056 3317 sine
1096 3258 1319 3319 Parthis
1359 3260 1599 3319 Bibulus
1636 3259 1698 3318 in
1735 3260 1969 3319 Amano
2003 3260 2205 3319 nescio

308 3355 450 3431 quid
520 3355 1002 3414 cohorticularum
1065 3356 1272 3416 amisit.
1357 3357 1497 3417 Hoc
1558 3358 1642 3418 sic
1706 3359 2034 3416 nuntiatum
2099 3367 2205 3417 est.

312 3468 364 3529 5.
411 3452 597 3527 Quod
636 3453 737 3510 tibi
781 3471 953 3530 supra
1001 3454 1203 3532 scripsi
1244 3452 1563 3514 Curionem
1604 3455 1769 3516 valde
1817 3455 2041 3531 frigere,
2086 3455 2203 3514 iam
