2642 3925
311 273 399 337 Ep.
430 285 514 336 39,
545 255 653 341 4ο.]
683 270 912 321 EPIST.
958 268 1059 319 AD
1099 269 1547 321 FAMILIARES
1590 269 1705 321 κν.
1751 263 1807 322 6.
2025 0 2628 432 N

312 447 578 504 regnum,
627 445 922 488 sociorum
967 439 1298 488 revocatam
1344 428 1423 487 ad
1464 427 1717 487 studium
1759 427 1983 503 imperii
2024 434 2177 485 nosti

309 526 669 585 voluntatem
710 526 998 584 sententia
1037 543 1174 584 mea
1213 536 1272 584 et
1313 525 1549 584 decreto
1590 523 1905 594 laudarem,
1940 523 2068 583 feci.
2154 541 2215 590 2,

316 623 816 700 Supplicationem
856 623 1166 694 decretam,
1211 623 1259 682 si
1301 632 1381 694 tu,
1412 641 1530 699 qua
1571 622 1632 680 in
1672 641 1735 681 re
1773 622 1915 679 nihil
1955 619 2208 688 fortuit0,

315 722 420 782 sed
448 739 679 781 summa
705 731 806 780 tua
831 721 1054 780 ratione
1091 730 1153 779 et
1189 720 1548 779 continentia
1583 720 1666 780 rei
1708 719 1975 796 publicae
2016 717 2210 795 provi·

315 837 448 878 sum
474 828 578 890 est,
607 819 697 878 dis
733 817 1154 878 immortalibus
1188 818 1459 894 gratulari
1498 835 1609 877 nos
1648 834 1825 894 quam
1862 816 1966 876 tibi
1998 815 2209 876 referre

315 925 622 992 acceptum
649 915 853 986 maviS,
874 914 1140 990 gaudeo:
1182 915 1346 990 quod
1370 915 1419 974 si
1447 915 1724 991 triumphi
1751 913 2209 992 praerogativam

315 1023 488 1090 putas
529 1013 1014 1088 supplicationem
1055 1022 1114 1074 et
1168 1011 1385 1070 idcirco
1426 1030 1631 1072 casum
1671 1012 1864 1090 potius
1920 1029 2099 1089 quam
2151 1021 2210 1070 te

315 1109 537 1170 laudari
599 1109 803 1180 mavis,
856 1127 1052 1184 neque
1117 1108 1603 1186 supplicationem
1668 1109 1927 1188 sequitur
1980 1127 2211 1186 semper

316 1207 644 1284 triumphus
672 1217 730 1267 et
756 1207 1052 1284 triumpho
1087 1208 1272 1268 multo
1300 1209 1507 1268 elarius
1534 1218 1623 1268 est
1660 1219 1929 1270 senatum
1956 1208 2211 1272 iudicare

317 1308 512 1383 potius
538 1305 982 1366 mansuetudine
1010 1316 1068 1366 et
1094 1306 1431 1366 innocentia
1463 1307 1827 1382 imperatoris
1854 1305 2211 1382 provinciam

319 1420 496 1480 quam
523 1403 578 1462 vi
616 1403 862 1464 militum
899 1412 999 1462 aut
1034 1403 1393 1479 benignitate
1431 1403 1677 1464 deorum
1716 1412 2003 1464 retentam
2038 1414 2212 1478 atque

319 1511 720 1564 conservatam
766 1517 936 1572 esse;
991 1500 1154 1576 quod
1202 1518 1318 1576 ego
1362 1518 1495 1560 mea
1540 1501 1825 1562 sententia
1873 1501 2207 1562 censebam.

320 1616 377 1673 3.
417 1599 612 1674 Atque
655 1598 800 1660 haec
841 1615 956 1674 ego
996 1597 1213 1660 idcirco
1255 1598 1335 1657 ad
1376 1608 1433 1657 te
1475 1607 1679 1658 contra
1720 1599 2211 1660 consuetudinem

318 1713 513 1757 meam
555 1695 814 1771 pluribus
853 1694 1075 1770 scripsi,
1114 1704 1196 1767 ut,
1238 1695 1400 1772 'quod
1440 1695 1694 1754 maxime
1737 1695 1890 1765 vole,
1918 1695 2212 1756 existimes

317 1811 415 1856 me
457 1793 737 1863 laborare,
778 1802 845 1853 ut
883 1792 986 1852 tibi
1027 1793 1411 1868 persuadeam
1458 1811 1555 1852 me
1608 1801 1666 1851 et
1706 1793 1955 1854 voluisse
1997 1793 2071 1854 de
2111 1803 2224 1854 tua·

318 1874 631 1960 maiestate,
661 1888 823 1966 quod
865 1889 1288 1966 amplissimum
1326 1890 1437 1948 sim
1477 1890 1797 1962 arbitratuS,
1829 1900 1904 1959 et,
1942 1890 2105 1968 quod
2145 1901 2210 1952 tu

318 1989 586 2060 maluisti,
642 1988 861 2049 factum
908 2006 1038 2049 esse
1093 1984 1365 2063 gaudere.
1450 1986 1601 2047 Vale
1647 1999 1708 2049 et
1755 2005 1867 2050 nos
1922 1988 2099 2066 dilige
2152 2000 2211 2051 et

320 2089 577 2149 instituto
625 2087 826 2147 itinere
874 2088 1237 2147 severitatem
1284 2076 1761 2165 diligentiamque
1803 2086 1978 2147 sociis
2018 2098 2080 2153 et
2125 2090 2211 2150 rei

320 2186 588 2263 publicae
615 2195 860 2262 praesta.
2120 2229 2211 2268 Ὗ...
2224 2222 2255 2301 j
2284 2216 2308 2223 --
2331 2208 2355 2215 ‘
2394 2200 2409 2213 ’

699 2346 799 2401 4ο.
881 2338 996 2399 AD
1037 2338 1546 2400 FAMILIARES
1589 2338 1727 2401 xv.
1770 2342 1827 2402 6.
2174 2303 2256 2442 f*

483 2455 616 2517 Sca.
656 2474 720 2515 m
760 2453 991 2516 Cmcn
1030 2474 1220 2515 musa
1262 2455 1549 2528 Qumm
1592 2454 1661 2534 (Ρ)
1705 2475 1873 2519 Α.υ.ο.
1920 2469 2059 2531 704.
2152 2488 2165 2515 ι

834 2580 880 2620 ir
919 2580 1127 2623 menno
1166 2580 1212 2622 s.
1253 2580 1311 2622 n.
1353 2580 1418 2622 u.
1459 2578 1690 2624 carent.

407 2695 460 2737 1.
501 2680 519 2713 ⁸
534 2676 774 2735 Lamus
826 2693 960 2734 sum
1014 2675 1232 2735 laudari
1285 2693 1384 2735 me
1404 2673 1423 2701 '
1478 2675 1666 2752 inquit
1712 2675 1956 2747 Hector,
1999 2666 2213 2754 opinor

321 2774 480 2851 apud
527 2772 831 2845 Naevium,
874 2778 890 2805 ⁸
908 2774 1016 2833 abs
1058 2784 1133 2845 te,
1179 2784 1359 2849 pater,
1400 2791 1439 2833 a
1485 2773 1719 2850 laudato
1761 2766 1886 2833 viro
1902 2792 1919 2844 3
1933 2770 1949 2797 ’
2011 2792 2084 2833 ea
2124 2783 2214 2832 est

319 2871 479 2933 enim
512 2870 778 2948 profecto
812 2870 1065 2933 iucunda
1099 2871 1242 2943 laus,
1271 2888 1424 2948 quae
1448 2872 1527 2934 ,ab
1568 2872 1639 2931 iis
1679 2871 2081 2947 proficiscitur,
2098 2871 2211 2948 qui

319 2970 432 3046 ipsi
458 2970 520 3027 in
547 2968 718 3029 laude
745 2968 1024 3029 vixerunt.
1106 2968 1240 3045 Ego
1277 2986 1419 3029 vero
1460 2968 1551 3029 vel
1587 2969 1969 3045 gratulatione
1996 2969 2213 3029 littera·

319 3084 452 3131 rum
495 3076 721 3127 tuarum
777 3066 866 3127 vel
921 3066 1266 3127 testimoniis
1316 3068 1636 3127 sententiae
1684 3067 1873 3129 dictae
1928 3067 2070 3128 nihil
2122 3077 2214 3129 est

320 3164 482 3242 quod
508 3182 604 3225 me
633 3178 754 3223 non
783 3163 1124 3225 adsecutum
1151 3174 1353 3242 putem
1378 3184 1397 3237 3
1440 3164 1615 3242 idque
1642 3165 1785 3225 mihi
1811 3183 1947 3225 cum
1973 3164 2213 3240 amplis·

321 3264 550 3331 simum,
580 3270 705 3319 tum
731 3261 1126 3337 gratissimum
1155 3271 1261 3333 est,
1290 3271 1347 3320 te
1376 3261 1618 3323 libenter
1650 3263 1935 3323 amicitiae
1962 3261 2211 3335 dedisse,

321 3359 483 3435 quod
529 3358 748 3434 liquido
802 3358 1024 3419 veritati
1071 3358 1260 3419 dares·
1344 3358 1438 3429 Et,
1488 3359 1535 3419 si
1582 3376 1706 3419 non
1758 3358 1942 3418 modo
1984 3376 2209 3430 omnes,

319 3461 520 3522 verum·
559 3457 736 3516 etiam
775 3456 940 3519 multi
983 3454 1241 3517 Catones
1283 3466 1481 3521 essent
1522 3456 1583 3516 in
1626 3455 1856 3519 civitate·
1890 3466 2107 3528 nostra,
2148 3456 2210 3519 in

1211 3571 1232 3613 ι
1278 3572 1308 3612 2
