2642 3925
261 256 648 347 E'p.119,'120.]
699 268 925 328 EPIST.
968 277 1068 325 AD
1109 262 1558 346 FAMILIARES
1599 277 1696 325 xz.
1740 281 1807 344 4.
2021 269 2146 348 243

260 453 397 510 spes
426 422 522 492 est'
542 433 600 491 in
640 451 752 493 eo:
793 433 934 491 nihil
973 443 1077 505 est,
1107 433 1267 509 quod
1311 451 1435 492 non
1476 420 1833 492 existimetur
1870 419 2053 492 laudis
2087 444 2149 491 et

256 533 477 607 gloriae
507 551 684 591 causa
712 531 980 591 facturus·
1051 533 1345 591 Antonius
1375 542 1585 602 autem,
1609 542 1807 590 noster
1835 532 2143 603 familiariS,

259 638 423 689 tanto
467 649 530 689 se
571 631 712 688 odio
753 649 883 689 esse
925 630 1216 706 intellegit,
1259 640 1342 702 ut,
1385 649 1521 689 cum
1570 630 1963 704 interfectores
2008 650 2147 691 suos

259 729 422 787 dorni
451 728 950 804 conprehenderit,
979 746 1102 786 rem
1133 727 1390 804 proferre
1419 747 1541 786 non
1570 729 1797 788 audeat.
1881 731 2146 806 A.,d.v11.

257 821 348 882 Id.
399 821 532 882 Oct.
579 821 954 880 Brundisium
1006 806 1128 879 erat
1180 821 1476 899 profectus
1531 823 1767 881 obviam
1818 821 2146 904 legionibus

258 919 658 977 Macedonicis
687 921 973 995 quattuor,
1002 936 1148 994 quas
1179 919 1286 976 sibi
1315 918 1623 978 conciliare
1652 921 1901 996 pecunia
1929 921 2157 998 cogita?

257 1019 358 1075 bat
398 1034 615 1092 easque
657 1017 730 1074 ad
779 1017 983 1074 urbem
1033 1016 1319 1074 adducere
1369 1026 1427 1073 et
1467 1015 1529 1073 in
1578 1017 1893 1100 cervicibus
1934 1020 2146 1078 nostris
2224 1051 2233 1058 ··

257 1115 578 1174 conlocare.
661 1133 715 1188 3.
759 1113 965 1171 Habes
1008 1112 1254 1171 formam
1297 1113 1378 1170 rei
1412 1113 1704 1189 publicae,
1748 1116 1797 1173 si
1838 1115 1899 1173 in
1942 1118 2145 1176 castris

256 1222 606 1290 potestesse
633 1230 725 1270 res
759 1211 990 1287 publica
1007 1230 1024 1284 3
1066 1211 1128 1269 in
1156 1228 1276 1288 quo
1314 1220 1476 1268 tuam
1513 1211 1697 1269 vicem
1738 1231 1915 1290 saepe
1954 1214 2145 1287 dole0,

255 1311 418 1387 quod
461 1309 682 1367 nullam
707 1344 710 1350 -
737 1319 958 1388 partem
1014 1327 1118 1384 per
1173 1316 1421 1366 aetatem
1451 1326 1659 1386 sanae
1707 1319 1765 1368 et
1820 1312 2011 1370 salvae
2064 1314 2149 1372 rei

253 1409 521 1486 publicae
548 1417 778 1484 gustare
807 1406 1061 1483 potuisti.
1145 1406 1340 1481 Atque
1370 1405 1614 1463 antehac
1643 1407 1881 1483 quidem
1915 1429 2147 1488 sperare

256 1491 462 1566 saltem
491 1490 699 1564 licebat
714 1523 731 1577 ;
773 1523 931 1564 nunc
960 1506 1133 1562 etiam
1161 1503 1221 1562 id
1249 1514 1514 1581 ereptum
1542 1515 1662 1562 est:
1693 1524 1843 1579 quae
1873 1510 2029 1566 enim
2058 1520 2147 1570 est

255 1624 409 1683 spes,
439 1623 573 1685 cum
610 1592 983 1670 incontione
1017 1601 1207 1660 dicere
1244 1620 1419 1660 ausus
1459 1602 1533 1660 sit
1572 1603 1865 1681 Antonius
1910 1604 2145 1684 Cannu-

259 1704 400 1762 tium
431 1701 587 1778 apud
616 1719 720 1759 eos
749 1701 943 1759 locum
984 1700 1093 1758 sibi
1123 1718 1413 1777 quaerere,
1444 1701 1655 1776 quibus
1690 1719 1751 1760 se
1784 1688 1945 1760 'salvo
1982 1703 2147 1763 locus

255 1803 316 1860 in
367 1800 593 1859 civitate
647 1817 780 1856 esse
833 1815 954 1856 non
1011 1798 1248 1874 posset?
1329 1817 1384 1870 4.
1426 1797 1718 1874 Equidem
1776 1809 1834 1858 et
1888 1799 2031 1860 haec
2088 1813 2149 1864 et

257 1900 472 1971 omnia,
502 1916 652 1975 quae
693 1895 915 1954 homini
957 1896 1221 1954 accidere
1262 1908 1527 1972 possunt,
1558 1896 1642 1954 sic
1685 1895 1825 1968 fero,
1855 1907 1918 1954 ut
1957 1899 2145 1975 philo-

257 1996 499 2073 sophiae
525 2013 806 2079 magnam
833 1994 1078 2053 habeam
1107 1994 1372 2069 gratiam,
1403 2012 1553 2070 quae
1580 2012 1677 2051 me
1706 2013 1828 2053 non
1857 1984 2143 2057 modo'ab

257 2095 641 2177 sollicitudine
696 2094 947 2159 abducit,
998 2092 1101 2151 sed
1151 2093 1324 2151 etiam
1372 2102 1576 2149 contra
1622 2109 1830 2151 omnes
1879 2094 2145 2155 fortunae

255 2195 510 2270 impetus
539 2202 740 2261 armat,
771 2191 986 2267 tibique
1016 2188 1172 2248 idem
1200 2208 1416 2249 censeo
1445 2188 1775 2273 faciendum
1803 2211 1996 2268 nec„a
2024 2213 2143 2270 quo

257 2292 427 2368 culpa
460 2290 625 2361 absit,
655 2290 968 2365 quicquam
1007 2289 1067 2345 in
1109 2288 1278 2347 malis
1314 2287 1757 2349 numerandum.
1844 2288 1958 2349 Sed
1999 2270 2157 2371 haec,-

252 2400 318 2448 tu
345 2388 568 2469 melius,
650 2386 986 2445 Tratorium
1023 2395 1289 2445 nostrum
1331 2404 1467 2444 cum
1508 2405 1741 2463 semper
1781 2391 2142 2465 probassem,

253 2478 379 2545 tum
405 2486 658 2545 maxime
685 2486 746 2543 in
774 2485 886 2543 tuis
912 2485 1084 2541 rebus
1113 2491 1403 2543 summam
1432 2485 1555 2544 eius
1582 2485 1759 2543 fidem
1787 2485 2142 2563 diligentiam

253 2567 736 2661 prudentiamque
791 2582 1056 2659 cognovi.
1139 2580 1236 2640 Da
1299 2599 1556 2657 operam,
1611 2591 1677 2641 ut
1729 2584 1920 2643 valeas
1936 2602 1957 2658 ς
2026 2573 2154 2645 11οό

253 2682 393 2741 mihi
420 2683 637 2759 gratius
665 2680 854 2738 facere
880 2680 1021 2738 nihil
1048 2689 1232 2756 potes,
1574 2686 1581 2689 “
2152 2678 2155 2683 ’

637 2841 772 2899 120.
851 2835 968 2895 AD
1009 2835 1511 2895 FAMILIARES
1552 2836 1660 2896 XI.
1703 2854 1763 2911 4.

309 2952 444 3014 Sex.
470 2971 533 3013 m
575 2952 812 3011 GALLIA
853 2968 1166 3012 err-Emona
1206 2970 1479 3011 ExEuNTE
1520 2960 1709 3013 MENSE
1752 2952 2071 3015 Novm'rnm

1035 3067 1200 3109 A.u.c.
1233 3062 1370 3123 710.
2127 3052 2133 3057 ’

510 3174 566 3217 1).
598 3174 825 3216 BRUTUS·
850 3173 968 3215 IMP.
997 3172 1114 3215 COS·
1145 3173 1324 3214 DESIG.
1356 3174 1399 3215 S.
1429 3174 1484 3215 D.
1516 3173 1578 3215 M.
1607 3174 1892 3217 CICERONI.

341 3289 392 3331 1.
443 3269 507 3329 Sr
548 3270 622 3329 de
663 3281 764 3329 tua
802 3272 864 3329 in
903 3289 1000 3328 me
1042 3270 1333 3329 voluntate
1376 3271 1710 3343 dubitarem,
1755 3271 1947 3329 multis
1996 3289 2032 3329 a
2078 3280 2153 3343 te,

197 3351 202 3355 ⁶
251 3370 442 3427 verbis
479 3368 756 3445 peterem,
784 3378 847 3425 ut
881 3367 1215 3443 dignitatem
1255 3386 1449 3425 meam
1478 3378 1714 3442 tuerere,
1744 3368 1847 3427 sed
1875 3348 2153 3445 profecto·⁵

252 3476 342 3526 est
370 3467 465 3537 ita,
499 3476 560 3524 ut
585 3465 726 3522 mihi
765 3465 1037 3541 persuasi,
1070 3483 1165 3522 me
1205 3466 1308 3523 tibi
1346 3482 1475 3523 esse
1515 3484 1703 3526 curae.
1785 3452 2150 3541 Progressus'

1141 3580 1182 3621 R
1211 3580 1242 3621 a
