2642 3925
441 253 564 318 268
996 265 1073 319 M.
1122 266 1360 317 TULLII
1402 269 1609 319 cmm
1617 268 1783 319 oms
2103 257 2242 341 [Pan
2270 271 2334 321 v,

437 415 549 484 tuis
590 413 793 474 officiis
832 432 958 475 non
985 414 1193 476 -videor
1223 416 1367 476 mihi
1407 418 1764 494 respondere
1796 433 1992 495 posse,
2035 418 2146 477 nisi
2185 417 2341 477 forte

435 524 499 571 ut
526 523 589 571 tu
616 513 951 588 gravissime
978 514 1466 591 disertissimeque
1500 515 1795 591 scripsisti,
1823 515 1904 574 ita
1941 533 2212 575 sensurus
2250 533 2336 586 es,

436 622 503 671 ut
529 629 626 669 me
653 610 862 670 referre
889 612 1137 686 gratiam
1164 623 1353 689 putes,
1374 630 1511 671 cum
1538 613 1824 672 memoria
1849 613 2084 673 tenebo.
2167 613 2229 671 Si
2259 613 2333 671 de

437 708 536 776 filii
561 707 644 766 tui
673 707 950 784 dignitate
991 719 1145 768 esset
1178 719 1391 780 actum,
1420 710 1722 770 amabilius
1763 720 1918 770 certe
1958 711 2099 771 nihil
2127 710 2334 781 facere,

437 807 744 883 potuisses,
826 806 1056 865 Primae
1097 816 1233 865 tuae
1275 807 1596 866 sententiae
1624 807 1862 867 infinitis
1905 826 2042 867 cum
2082 809 2336 868 muneri-

436 904 565 976 buS,
594 904 946 980 posteriores
980 903 1056 963 ad
1085 914 1315 982 tempus
1356 905 1770 980 arbitriumque
1805 905 2132 963 amicorum
2171 923 2335 964 meo-

436 1020 567 1068 rum
594 1002 971 1077 compositae,
1000 1003 1187 1061 oratio
1214 1002 1460 1062 adsidua
1496 1011 1556 1062 et
1582 1013 1863 1080 perpetua
1887 1003 1974 1061 -de
2011 1022 2124 1075 me,
2152 1003 2336 1079 iurgia

438 1118 575 1163 cum
602 1099 1084 1158 obtrectatoribus
1108 1110 1349 1176 propter
1373 1117 1470 1158 me
1498 1100 1800 1159 notissima
1828 1099 1969 1159 mihi
1999 1110 2167 1172 sunt;
2210 1119 2334 1159 non

437 1197 749 1261 mediocris
798 1195 1133 1256 adhibenda
1172 1197 1317 1257 mihi
1367 1207 1454 1256 est
1496 1215 1650 1266 cura,
1693 1207 1761 1255 ut
1801 1198 1886 1256 rei
1932 1198 2196 1274 publicae
2238 1216 2335 1256 me

440 1297 625 1358 civem
680 1295 924 1372 dignum
980 1294 1093 1352 tuis
1146 1292 1417 1354 laudibus
1473 1304 1781 1371 praestem,
1829 1294 1893 1353 in
1946 1296 2200 1358 amicitia
2252 1296 2336 1354 tui

437 1411 760 1452 memorem
830 1402 1004 1469 atque
1072 1402 1318 1468 gratum.
1403 1391 1585 1465 Quod
1650 1392 1938 1468 reliquum
2006 1402 2113 1464 est,
2168 1403 2336 1452 tuum

438 1509 654 1549 munus
690 1500 851 1549 tuere
894 1500 952 1549 et
987 1508 1100 1561 me,
1130 1490 1196 1562 si,
1225 1508 1404 1566 quem
1444 1508 1574 1548 esse
1601 1489 1849 1560 voluisti,
1873 1506 2011 1549 eum
2053 1492 2208 1549 exitu
2247 1510 2337 1549 re-

439 1590 665 1664 busque
706 1588 1037 1664 cognosciS,
1072 1587 1320 1647 defende
1361 1606 1431 1646 ac
1472 1588 1720 1663 suscipe.
1808 1607 1861 1647 2.
1902 1586 2055 1646 Cum
2095 1588 2338 1648 Rhoda-

440 1703 583 1744 num
638 1686 840 1763 copias
886 1685 1242 1744 traiecissem
1289 1684 1638 1762 fratremque
1689 1703 1824 1744 cum
1874 1686 2055 1744 tribus
2101 1687 2334 1744 milibus

440 1784 701 1859 equitum
731 1783 1180 1859 praemisissem,
1208 1782 1335 1857 ipse
1363 1782 1471 1840 iter
1497 1782 1572 1839 ad
1601 1780 1893 1840 Mutinam
1921 1782 2246 1860 dirigerem,
2273 1785 2335 1841 in

439 1882 643 1940 itinere
694 1882 769 1940 de
815 1881 1039 1957 proelio
1085 1880 1241 1939 sacto
1287 1879 1587 1955 Brutoque
1643 1889 1702 1940 et
1746 1878 1976 1939 Mutina
2028 1882 2335 1942 obsidione

439 1980 692 2040 liberatis
729 1980 955 2038 audivi:
998 1978 1377 2038 animadverti
1409 1979 1633 2038 nullum
1675 1979 1851 2038 alium
1883 1991 2184 2055 receptum
2211 1978 2336 2037 An·

442 2081 669 2138 tonium
709 2077 1109 2154 reliquiasque,
1139 2095 1290 2154 quae
1332 2094 1469 2135 cum
1510 2095 1584 2136 eo
1626 2087 1837 2149 essent,
1865 2078 2084 2137 habere
2122 2078 2235 2135 nisi
2273 2077 2335 2135 in

441 2178 531 2236 his
558 2177 831 2254 partibuS,
860 2176 1120 2251 duasque
1148 2175 1202 2232 ei
1230 2193 1366 2251 spes
1394 2193 1523 2234 esse
1551 2176 1899 2251 propositaS,
1921 2193 2099 2233 unam
2127 2172 2336 2250 Lepidi

442 2276 640 2352 ipsiuS,
669 2273 908 2331 alteram
949 2274 1248 2331 exercituS.
1335 2271 1516 2343 Quod
1536 2271 1841 2348 quaedam
1877 2288 2014 2348 pars
2047 2272 2335 2330 exercitus

441 2390 567 2430 non
607 2370 802 2428 minus
845 2368 1063 2426 furiosa
1106 2379 1193 2428 est
1235 2388 1417 2446 quam
1457 2370 1556 2446 qui
1601 2387 1736 2427 cum
1776 2367 2041 2427 Antonio
2082 2366 2334 2437 suerunt,

442 2469 758 2546 equitatum
814 2467 1118 2535 revocavi3
1187 2467 1313 2541 ipse
1378 2468 1441 2524 in
1495 2465 1911 2540 Allobrogibus
1965 2458 2231 2533 constiti‚'
2270 2473 2336 2522 ut

442 2566 689 2645 proinde
717 2563 793 2623 ad
819 2562 1020 2621 omnia
1044 2571 1279 2637 paratus
1312 2581 1505 2622 essem
1542 2580 1610 2621 ac
1646 2580 1739 2621 res
1774 2579 1871 2619 me
1904 2571 2185 2621 moneret.
2273 2560 2336 2619 Si

441 2664 635 2727 nudus
663 2663 779 2721 huc
808 2679 870 2719 se
898 2659 1192 2718 Antonius
1230 2659 1473 2729 confert,
1503 2658 1668 2717 facile
1704 2659 1846 2718 mihi
1875 2659 2077 2718 videor
2105 2677 2212 2735 per
2237 2677 2336 2717 me

443 2763 723 2821 sustinere
752 2776 928 2836 posse
965 2774 1207 2833 remque
1240 2756 1536 2833 publicam
1577 2774 1650 2813 ex
1678 2767 1865 2816 vestra
1905 2758 2194 2815 sententia
2235 2758 2336 2815 ad-

442 2859 784 2928 ministrare,
812 2855 1076 2932 quamvis
1103 2840 1179 2911 ab
1214 2853 1469 2912 exercitu
1496 2852 1703 2928 Lepidi
1738 2854 2077 2929 recipiatur;
2119 2855 2168 2912 si
2197 2872 2337 2913 vero

445 2955 746 3030 copiarum
788 2952 1001 3029 aliquid
1042 2969 1245 3010 secum
1267 2950 1537 3023 ,adducet
1570 2960 1628 3008 et
1657 2949 1706 3006 si
1746 2949 1971 3009 decima
1996 2950 2152 3026 legio
2180 2963 2335 3010 vete-

445 3071 605 3123 rana,
650 3068 799 3128 quae
853 3061 1053 3108 nostra
1105 3067 1289 3124 opera
1315 3058 1586 3106 revocata
1640 3064 1775 3105 cum
1818 3047 2050 3124 reliquis
2105 3059 2212 3120 est,
2259 3049 2337 3107 ad

447 3151 697 3209 eundem
740 3146 996 3205 furorem
1033 3146 1280 3217 redierit,
1314 3155 1529 3209 tamen,
1559 3162 1636 3202 ne
1674 3143 1814 3219 quid
1856 3144 2181 3204 detrimenti
2218 3147 2334 3218 fiat,

447 3247 675 3305 dabitur
715 3262 895 3324 opera
936 3261 973 3301 a
1010 3261 1124 3313 me,
1151 3244 1328 3319 idque
1372 3260 1465 3300 me
1503 3252 1925 3317 praestaturum
1965 3259 2155 3317 spero,
2192 3244 2333 3301 dum

449 3339 619 3398 istinc
654 3339 865 3415 copiae
904 3339 1252 3398 traiiciantur
1287 3340 1747 3415 coniunctaeque
1775 3338 2079 3397 nobiscum
2112 3340 2332 3401 facilius

440 3436 707 3519 *perditos
755 3437 1105 3512 opprimant.
1212 3457 1265 3514 3.
1308 3437 1447 3495 Hoc
1490 3436 1593 3494 tibi
1649 3436 1928 3512 spondeO,
1976 3437 2057 3495 mi
2101 3437 2327 3513 Cicero,
