2642 3925
445 227 570 309 248
827 271 836 280 ·
990 239 1069 291 Μ.
1119 241 1357 290 TULLIJ
1400 233 1781 290 crea-Rome
2102 226 2245 308 [rm
2278 240 2336 285 v.

827 454 963 510 123.
1041 450 1157 509 AD
1197 449 1699 510 FAMILIARES
1741 449 1845 508 XI.
1894 463 1949 523 5.
2128 528 2133 534 '

591 555 722 617 Sex.
768 556 988 616 Romu:
1030 574 1216 618 mimo
1255 575 1445 616 mss:
1486 556 1797 616 Decimam
1836 573 2005 615 mue.
2052 570 2186 630 710.

713 682 777 722 κ.
817 681 1025 724 crcnxo
1061 681 1109 724 s.
1137 681 1194 724 n.
1223 681 1280 722 n.
1324 679 1518 724 nau-ro
1558 681 1676 722 m.
1718 680 1834 722 cos.
1880 680 2065 722 πεπρ.

529 803 579 842 ι.
620 782 816 844 Lupus
859 783 1148 843 familiaris
1189 795 1389 844 noster
1438 801 1574 844 cum
1618 803 1655 844 a
1688 795 1745 843 te
1785 785 2035 843 venisset
2077 799 2335 860 cumque

440 881 671 941 Romae
727 882 1018 958 quosdam
1073 883 1197 941 dies
1253 891 1728 951 commoraretur,
1778 899 1893 958 ego
1942 899 2100 940 eram
2150 883 2211 939 in
2260 883 2335 940 iis

439 981 600 1050 locis,
644 981 705 1038 in
760 982 972 1056 quibus
1028 981 1284 1039 maxime
1342 992 1465 1040 tuto
1520 999 1617 1039 me
1664 999 1795 1039 esse
1844 959 2191 1051 arbitraban
2256 997 2335 1038 eo

438 1077 653 1136 sactum
709 1089 796 1137 est
850 1089 914 1136 ut
968 1079 1045 1137 ad
1098 1088 1158 1137 te
1212 1078 1415 1155 Lupus
1470 1080 1597 1138 sine
1650 1080 1797 1137 meis
1849 1078 2046 1136 litteris
2103 1077 2331 1148 rediret,

441 1193 576 1234 cum
622 1186 820 1236 tamen
863 1187 1133 1248 curasset,
1177 1187 1304 1234 tuas
1346 1176 1421 1235 ad
1462 1195 1560 1236 me
1600 1176 1986 1253 perferendas·
2071 1175 2334 1234 Romam

319 1262 340 1278 ’
441 1286 634 1332 autem
689 1274 822 1333 veni
874 1292 926 1334 a.
976 1274 1036 1336 d.
1084 1293 1138 1333 v.
1193 1274 1335 1333 Idus
1391 1275 1555 1346 Dec.,
1610 1293 1722 1334 nec
1776 1273 1954 1333 habui
2013 1275 2337 1350 quicquam

440 1371 747 1447 antiquius,
786 1390 963 1448 quam
1005 1383 1069 1431 ut
1110 1371 1365 1431 Pansam
1408 1374 1602 1432 statim
1643 1374 2050 1444 convenirem;
2091 1391 2167 1431 ex
2210 1391 2336 1449 quo

439 1488 510 1528 ea
547 1469 621 1528 de
659 1482 715 1528 te
751 1471 1020 1547 cognovi,
1059 1489 1208 1547 quae
1246 1471 1501 1530 maxime
1537 1473 1832 1547 optabam.
1918 1469 2055 1542 Qua
2091 1489 2154 1529 re
2194 1471 2337 1529 hor-

439 1567 657 1627 tatione
712 1578 778 1628 tu
823 1569 1060 1645 quidem
1114 1587 1236 1628 non
1283 1587 1442 1645 eges,
1486 1569 1534 1628 si
1588 1587 1664 1629 ne
1716 1571 1778 1627 in
1826 1570 1922 1634 illa
1968 1570 2207 1646 quidem
2247 1589 2335 1642 re,

442 1683 593 1743 quae
636 1683 673 1724 a
715 1677 772 1725 te
812 1679 978 1742 gesta
1017 1677 1106 1725 est
1145 1677 1282 1743 post
1324 1667 1628 1725 hominum
1670 1668 2012 1726 memoriam
2056 1669 2336 1740 maxima,

439 1765 795 1824 hortatorem
853 1765 1203 1824 desiderasti,
1295 1785 1347 1825 2.
1390 1766 1541 1824 Illud
1595 1777 1793 1825 tamen
1848 1767 2092 1825 breviter
2154 1766 2336 1842 signi·
2400 1760 2403 1762 ’

441 1862 736 1922 ficandum
812 1863 1055 1935 videtur,
1123 1864 1407 1940 populum
1478 1863 1817 1923 Romanum
1890 1857 2090 1922 omnia
2165 1883 2202 1923 a
2274 1877 2337 1923 te

440 1972 780 2039 exspectare
821 1974 995 2041 atque
1036 1963 1097 2021 in
1143 1973 1202 2031 te
1241 1960 1557 2037 aliquando
1598 1964 2008 2039 reciperandae
2057 1964 2335 2023 libertatis

441 2076 684 2119 omnem
739 2078 907 2136 spem
962 2078 1199 2139 ponere.
1296 2060 1412 2132 Tu,
1470 2062 1520 2119 si
1574 2061 1697 2149 dies
1753 2073 2071 2136 noctesque
2126 2064 2336 2121 memi-

441 2158 612 2229 neris,
652 2158 814 2235 quod
855 2169 912 2217 te
954 2158 1143 2218 sace‘re
1185 2170 1345 2218 certo
1388 2159 1529 2230 sci0,
1569 2170 1848 2235 quantam
1898 2178 2021 2217 rem
2064 2163 2334 2236 gesseriS,

442 2267 563 2308 non
604 2250 941 2310 obliviscere
981 2251 1264 2328 profecto,
1292 2263 1542 2329 quantae
1582 2254 1682 2310 tibi
1721 2254 1896 2311 etiam
1931 2272 2089 2312 nunc
2124 2273 2334 2331 geren-

441 2348 553 2406 dae
622 2348 769 2406 sint:
840 2349 890 2406 si
959 2350 1117 2407 enim
1179 2350 1286 2409 iste
1354 2351 1716 2426 provinciam
1775 2361 1981 2410 nactus
2047 2354 2169 2424 erit,
2239 2356 2334 2412 cui

442 2445 680 2521 quidem
733 2463 848 2520 ego
905 2463 1136 2524 semper
1191 2448 1414 2507 amicus
1468 2447 1551 2506 sui
1601 2459 1754 2518 ante,
1807 2468 1985 2525 quam
2035 2451 2197 2509 illum
2245 2454 2333 2510 in-

442 2544 632 2603 tellexi
687 2562 810 2603 non
865 2545 1050 2604 modo
1106 2557 1323 2623 aperte,
1379 2546 1484 2605 sed
1539 2548 1715 2605 etiam
1776 2547 2018 2606 libenter
2072 2567 2210 2608 cum
2269 2570 2333 2609 re

440 2642 676 2722 publica
742 2642 958 2701 bellum
1027 2662 1245 2719 gerere,
1296 2659 1471 2722 spem
1537 2645 1819 2721 reliquam
1883 2646 2103 2705 nullam
2163 2648 2335 2708 video

347 2796 350 2799 ,
442 2740 656 2801 saluti-⁰³.
761 2760 816 2817 3.
878 2739 1075 2812 Quam
1115 2744 1200 2801 ob
1238 2762 1365 2801 rem
1407 2753 1463 2801 te
1504 2745 1753 2803 obsecro
1794 2744 2004 2803 iisdem
2044 2748 2336 2821 precibuS‚

443 2839 653 2921 quibus
703 2849 938 2899 senatus
983 2840 1356 2919 populusque
1401 2840 1728 2911 Romanus,
1771 2850 1834 2899 ut
1881 2843 1941 2899 in
1990 2856 2338 2918 perpetuum

442 2955 569 2996 rem
609 2938 900 3013 publicam
943 2938 1246 2998 dominatu
1286 2940 1450 3014 regio
1494 2940 1717 3010 liberes,
1745 2950 1809 2997 ut
1850 2941 2150 3017 principiis
2194 2960 2338 3000 con-

445 3034 694 3094 sentiant
741 3037 943 3095 exitus.
1027 3037 1227 3095 Tuum
1275 3048 1365 3095 est
1411 3036 1525 3095 hoc
1574 3055 1805 3108 munuS,
1852 3048 1985 3095 tuae
2029 3050 2261 3116 partes;
2306 3058 2343 3099 a

447 3144 504 3192 te
546 3132 659 3190 hoc
708 3134 905 3192 civitas
947 3134 1036 3192 vel
1080 3152 1290 3193 omnes
1335 3135 1530 3211 potius
1575 3145 1779 3210 gentes
1826 3154 1948 3193 non
1994 3148 2344 3212 exspectant

447 3231 656 3299 solum,
712 3231 818 3289 sed
878 3232 1051 3289 etiam
1113 3233 1445 3309 postulant:
1509 3251 1881 3308 quamquam,
1942 3251 2079 3292 cum
2143 3233 2343 3294 horta-

446 3329 606 3385 tione
655 3345 776 3385 non
819 3344 1010 3402 egeaS,
1050 3338 1112 3387 ut
1154 3347 1329 3404 supra
1370 3330 1590 3406 scripsi,
1629 3348 1753 3388 non
1794 3343 1923 3389 utar
1964 3350 2035 3390 ea
2076 3332 2343 3407 pluribus

451 3421 640 3481 verbis
654 3442 672 3495 ς
716 3423 923 3482 faciam
966 3424 1122 3497 illud,
1150 3427 1311 3503 quod
1353 3446 1552 3485 meum
1593 3438 1697 3500 est,
1727 3438 1791 3487 ut
1833 3429 1933 3487 tibi
1972 3430 2173 3488 omnia
2206 3448 2347 3491 mea
