2642 3925
272 270 359 339 ,EP-
392 279 498 335 107,n
525 253 661 344 ¹08.]
712 270 935 323 EPIST.
967 271 1067 318 AD
1109 271 1440 320 ATTICUM
1480 273 1622 325 xw.
1675 277 1773 324 12.
2037 278 2163 344 223

271 419 549 494 recipiam
568 437 585 490 3
630 420 885 494 postulat
905 420 1064 478 enim
1091 420 1207 479 hoe
1233 420 1457 479 Hirtius
1483 429 1547 479 ut
1573 420 1811 480 faciam:
1858 433 1942 494 ’5.
1987 420 2165 496 Rogo

271 535 377 574 vos
435 535 612 592 quam
668 517 922 593 primum
987 518 1129 578 mihi
1183 518 1726 577 rescribatis—nam
1782 536 1905 578 non
1961 519 2165 584 dubito

273 615 417 692 quin
449 613 523 671 de
564 614 654 672 his
684 615 857 673 rebus
886 625 1019 673 ante
1061 616 1265 674 horam
1293 627 1558 693 quartam
1597 615 1824 674 Hirtius
1863 604 2164 681 certiorem

273 730 370 793 me
421 712 494 769 sit
535 711 887 785 facturus—3
929 732 1107 789 quem
1147 714 1208 772 in
1263 714 1457 782 locum
1502 714 1810 774 convenire
1851 714 2164 790 possimuS‚

274 827 395 886 quo
423 827 521 867 me
549 808 732 868 velitis
768 810 979 876 venire,
1009 811 1319 869 rescribite.
1404 810 1545 869 Post
1585 810 1964 869 novissimum
1994 810 2166 875 Hirtii

276 924 609 965 sermonem
661 907 937 984 placitum
986 919 1073 967 est
1116 908 1258 966 mihi
1307 909 1602 985 postulare
1644 918 1707 968 ut
1753 909 1950 969 liceret
1991 909 2167 974 nobis

277 1005 509 1076 Romae
527 1023 654 1064 esse
673 1006 909 1082 publico
927 1008 1239 1083 praesidio:
1271 1007 1431 1083 quod
1448 1007 1576 1066 illos
1593 1007 1763 1066 nobis
1784 1025 2166 1070 concessuros

277 1122 402 1164 non
431 1113 574 1179 puto
586 1122 606 1176 3
651 1121 928 1179 magnam
956 1105 1111 1163 enim
1140 1106 1416 1163 invidiam
1435 1106 1502 1163 iis
1528 1105 1819 1165 faciemus
1895 1105 2052 1166 Nihil
2079 1117 2167 1164 ta-

278 1220 417 1272 men
433 1218 556 1260 non
578 1202 991 1278 postulandum
1012 1203 1224 1280 putavi,
1236 1205 1397 1280 quod
1418 1221 1672 1280 aequum
1693 1221 1822 1263 esse
1839 1213 2165 1270 statuerem,

671 1361 804 1416 108.
887 1358 1001 1417 AD
1040 1358 1433 1417 ATTICUM
1476 1357 1639 1420 XIV.
1693 1378 1789 1419 12.

345 1470 477 1531 Sca.
520 1470 812 1532 PUTEOLIS
853 1491 911 1533 A.
953 1492 1009 1533 n.
1052 1493 1108 1534 x.
1152 1474 1475 1533 KALENDAS
1516 1472 1714 1534 MA1As
1754 1493 1920 1538 A.U.c.
1969 1488 2102 1552 710.

915 1598 1120 1640 emmo
1164 1599 1378 1641 amco
1418 1598 1542 1640 SAL.
1642 1593 1657 1603 ’

371 1710 421 1751 1.
467 1691 524 1751 Ο
567 1711 636 1752 m
678 1694 888 1764 Attice,
934 1714 1137 1754 vereor
1187 1715 1262 1755 ne
1307 1697 1479 1755 nobis
1533 1695 1674 1754 Idus
1730 1696 1974 1755 Martiae
2029 1696 2171 1755 nihil

285 1789 549 1849 dederint
583 1781 819 1867 ¹praeter
875 1794 1146 1852 laetitiam
1202 1805 1262 1852 et
1315 1794 1431 1852 odii
1488 1812 1744 1869 poenam
1809 1811 1878 1853 ac
1936 1793 2169 1855 doloris.

285 1887 456 1960 Quae
497 1889 637 1947 mihi
677 1890 829 1949 istim
860 1891 1234 1951 adferuntur?
1276 1910 1428 1969 quae
1468 1890 1562 1949 hic
1602 1891 1816 1949 video?
1859 1893 1899 1946 ὣ
1939 1895 2173 1966 πράξεως

283 1993 440 2059 καλῆς
466 1993 575 2060 μέν,
604 1991 819 2048 ἀτελοῦς
846 1992 907 2046 δέ
921 1995 949 2047 f
1005 1990 1149 2061 Scis,
1179 2009 1357 2067 quam
1387 1991 1622 2066 diligam
1655 1989 1879 2050 Siculos
1907 2000 1964 2049 et
1992 2008 2169 2066 quam
2230 2070 2235 2076 ι

283 2086 439 2145 illam
487 2086 808 2161 clientelam
856 2087 1163 2147 honestam
1212 2089 1496 2151 iudicem:
1556 2089 1738 2147 multa
1786 2088 1891 2147 illis
1936 2087 2170 2159 Caesar,

283 2201 496 2261 neque:
518 2202 616 2242 me
660 2186 854 2257 invito,
884 2187 991 2244 etsi
1032 2185 1310 2245 Latinitas
1353 2198 1474 2245 erat
1513 2203 1638 2245 non
1678 2185 1933 2258 ferenda,
1965 2204 2165 2249 verum

283 2291 580 2344 tamen—.
665 2283 822 2342 Ecce
852 2293 1046 2343 autem
1072 2285 1367 2343 Antonius
1395 2296 1636 2360 accepta
1677 2285 1883 2358 grandi
1923 2285 2172 2361 pecunia

285 2378 410 2437 fixit
453 2379 643 2455 legem
693 2401 729 2441 a
774 2381 1052 2440 dictatore
1101 2382 1349 2441 comitiis
1396 2381 1588 2452 latam,
1631 2399 1749 2457 qua
1794 2382 1971 2440 Siculi
2015 2384 2171 2442 cives

286 2475 582 2550 Romani;
626 2478 790 2536 cuius
817 2478 897 2536 rei
926 2479 1054 2535 vivo
1089 2478 1186 2536 illo
1214 2480 1437 2537 mentio
1466 2480 1639 2539 nulla.
1726 2478 1925 2551 Quid?
1993 2480 2171 2539 Deio-

285 2575 394 2657 tari
434 2577 615 2634 nostri
657 2595 832 2635 causa
872 2595 994 2635 non
1037 2576 1275 2636 similis?
1331 2576 1562 2653 Dignus
1605 2579 1697 2636 ille
1736 2580 1974 2655 quidem
2011 2581 2175 2639 omni

286 2691 495 2747 regne,
525 2674 629 2732 sed
670 2660 793 2734 non
834 2693 939 2751 per
966 2663 1245 2733 Fulviam.
1331 2675 1607 2734 Sescenta
1650 2675 1870 2734 similia.
1956 2676 2176 2735 Verum

286 2770 422 2829 illuc
464 2770 689 2833 refero:
745 2782 866 2831 tam
911 2772 1127 2831 claram
1176 2783 1412 2847 tamque
1465 2782 1731 2831 testatam
1771 2791 1896 2830 rem
1944 2783 2179 2849 tamque

285 2850 517 2941 iustam,
561 2869 942 2942 Buthrotiam,
985 2888 1106 2947 non
1162 2872 1486 2929 tenebimus
1529 2870 1720 2945 aliqua
1759 2888 1832 2929 ex
1875 2872 2079 2946 parte?
2121 2882 2179 2930 et

286 2988 363 3031 eo
423 2968 659 3048 quidem
715 2968 924 3044 magis,
971 2986 1091 3044 quo
1146 2968 1254 3026 iste
1310 2968 1518 3044 plura?
1605 2987 1660 3027 2.
1703 2966 2029 3027 Nobiscum
2083 2968 2178 3029 hic

287 3068 714 3151 perhonorifice
757 3076 815 3127 et
857 3067 1044 3125 amice
1080 3065 1373 3137 OctaviuS,
1403 3083 1578 3141 quem
1621 3065 1857 3143 quidem
1899 3067 1989 3124 sui
2031 3065 2177 3127 Cae-

290 3184 483 3237 sarem
526 3165 871 3237 salutabant,
901 3163 1201 3239 Philippus
1244 3181 1368 3221 non
1405 3165 1544 3233 item,
1574 3164 1767 3239 itaque
1800 3181 1876 3221 ne
1913 3182 2023 3222 nos
2050 3165 2178 3240 qui-

292 3264 429 3330 dem
451 3281 470 3336 ;
521 3281 696 3339 quem
724 3280 882 3338 nego
911 3280 1087 3339 posse
1113 3281 1222 3319 esse
1257 3263 1480 3320 bonum
1510 3262 1729 3320 civem:
1775 3260 1853 3319 ita
1879 3261 2043 3319 multi
2071 3263 2179 3320 cir-2

290 3369 601 3430 cumstant,
630 3360 728 3436 qui
756 3359 993 3435 quidem
1022 3360 1234 3417 nostris
1272 3369 1521 3416 mortem
1549 3357 1901 3416 minitantur.
1984 3357 2180 3436 Negat

289 3437 434 3541 haec
463 3456 598 3516 ferri
623 3474 818 3536 posse.
892 3455 1052 3530 Quid
1081 3474 1302 3528 censeS,
1323 3473 1457 3515 cum
1487 3455 1742 3524 Romam
1771 3474 1915 3541 puer
1940 3458 2178 3531 venerit,
