2642 3925
309 258 394 319 Ep
416 244 574 329 ⁵‚⁶·]
768 256 992 309 EPIST.
1035 257 1135 305 AD
1177 256 1514 308 ATTICUM
1553 258 1601 310 1.
1615 262 1736 327 -13.
2156 263 2195 328 9

2125 355 2168 370 Q

307 412 555 488 consilio
610 411 736 473 eius
790 413 1107 491 animoque
1154 414 1215 473 in
1261 432 1361 473 me
1408 412 1807 474 inimicissimo
1854 430 1985 475 esse
2032 431 2195 473 com

305 522 554 583 motum,
583 528 882 588 cognosce
910 530 1071 571 nunc
1089 511 1520 572 humanitatem
1547 529 1760 582 meam,
1790 512 1840 571 si
1866 511 2197 592 humanitas

307 607 679 683 appellanda
697 619 788 679 est
826 608 888 678 in
929 610 1305 669 acerbissima
1345 610 1553 669 iniuria
1594 609 1860 669 remissio
1904 609 2083 668 animi
2126 597 2244 682 acj‘

307 704 650 766 dissolutior
698 705 869 765 nulla·
903 718 995 767 est
1039 726 1077 767 a
1118 724 1215 766 me
1259 724 1541 783 umquam
1590 706 1875 766 sententia
1929 707 2083 766 dicta
2135 707 2197 765 in

305 802 540 862 fratrem
568 812 731 862 tuum
749 822 783 882 ;ἶ
809 805 1333 881 quotienscumque
1364 803 1582 880 aliquid
1618 814 1707 863 est
1744 814 1955 876 actum,
1984 802 2197 863 sedens

305 900 375 959 iis
404 901 655 972 adsensi,
684 900 785 978 qui
821 900 963 960 mihi
1000 901 1292 960 lenissime
1332 903 1545 961 sentire
1574 903 1684 974 ,visi
1726 911 1875 961 sunt.
1913 951 1921 962 .
1961 901 2196 960 Addam

304 998 445 1057 illud
481 999 674 1069 etiam,
702 998 865 1074 quod
903 999 1021 1057 iam
1059 1016 1174 1076 ego
1217 1016 1419 1070 curare
1456 1016 1580 1059 non
1623 999 1815 1069 debui,
1854 999 1958 1058 sed
2000 1009 2197 1057 tamen

305 1095 428 1154 fieri
467 1113 592 1154 non
632 1095 874 1154 moleste
915 1096 1018 1155 tuli
1059 1106 1233 1172 atque
1272 1097 1467 1166 etiam,
1494 1105 1561 1155 ut
1597 1096 1677 1156 ita
1711 1096 1891 1168 fieret,
1919 1114 2027 1172 pro
2064 1113 2197 1153 mea

306 1202 468 1269 parte
496 1193 705 1265 adiuvi,
734 1204 802 1251 ut
837 1194 1020 1252 senati
1057 1193 1327 1272 consulto
1363 1212 1532 1254 meus
1573 1194 1857 1272 inimicus,
1888 1195 2024 1271 quia
2064 1204 2197 1254 tuus

308 1290 481 1349 frater
516 1299 656 1361 erat,
686 1290 1090 1368 sublevaretur.
1180 1309 1268 1349 10.
1315 1289 1455 1361 Qua
1479 1309 1544 1351 re
1571 1309 1695 1350 non
1721 1308 1836 1366 ego
1864 1290 2198 1368 oppugnavi

308 1387 542 1446 fratrem
570 1398 750 1458 tuum,
770 1389 875 1447 sed
904 1387 1059 1448 fratri
1087 1398 1189 1447 tuo
1217 1389 1554 1465 repugnavi,
1573 1406 1683 1448 nec
1711 1388 1773 1447 in
1801 1397 1875 1459 te,
1892 1399 1957 1448 ut
1979 1388 2197 1459 scribiS,

309 1486 506 1545 animo
562 1484 645 1545 fui
698 1486 914 1557 mobili,
970 1486 1076 1545 sed
1129 1487 1211 1545 ita
1263 1487 1471 1559 stabili,
1520 1495 1587 1546 ut
1639 1487 1701 1545 in
1742 1499 1892 1545 mea
1945 1504 2086 1562 erga
2141 1495 2197 1543 te

309 1582 615 1660 voluntate
657 1583 831 1643 etiam
886 1583 1146 1643 desertus
1200 1585 1277 1642 ab
1334 1584 1540 1645 officiis
1604 1585 1718 1644 tuis
1782 1600 2198 1660 permanerem.

308 1685 503 1760 Atque
545 1683 661 1743 hoc
701 1684 833 1760 ipso
875 1694 1136 1760 tempore
1177 1684 1277 1743 tibi
1321 1703 1511 1761 paene
1552 1685 1837 1743 minitanti
1878 1685 2049 1743 nobis
2094 1701 2200 1761 per

309 1782 524 1840 litteras
551 1781 667 1841 hoc
695 1782 954 1841 rescribo
982 1792 1155 1858 atque
1182 1782 1546 1859 respondeo:
1586 1800 1702 1857 ego
1730 1782 1918 1841 dolori
1945 1793 2048 1840 tuo
2074 1799 2198 1839 non

311 1880 502 1938 solum
530 1879 796 1956 ignOSCO,
823 1878 930 1939 sed
957 1895 1248 1938 summam
1281 1881 1458 1938 etiam
1495 1879 1727 1938 laudem
1766 1880 1989 1951 tribu03
2032 1896 2199 1937 meus

311 1980 469 2037 enim
495 1996 591 2036 me
627 1996 852 2048 sensus,
881 1989 1098 2055 quanta
1137 1979 1225 2037 vis
1262 1976 1495 2037 fraterni
1534 1978 1605 2037 sit
1643 1978 1873 2049 amoriS‚
1904 1978 2196 2038 admonet.

310 2077 368 2137 A
409 2085 467 2134 te
507 2084 647 2152 peto
687 2085 753 2135 ut
793 2086 855 2135 tu
888 2093 1125 2152 quoque
1163 2093 1418 2153 aequum
1455 2086 1513 2135 te
1549 2076 1800 2136 iudicem
1838 2075 2025 2135 dolori
2062 2094 2198 2136 meo

310 2175 628 2251 praebeas3
675 2174 723 2232 si
751 2174 977 2245 acerbe,
1005 2174 1055 2232 si
1082 2174 1403 2246 crudeliter,
1433 2175 1481 2234 si
1509 2175 1634 2233 sine
1662 2192 1839 2235 causa
1866 2192 1998 2234 sum
2024 2192 2061 2232 a
2089 2174 2201 2234 tuis

312 2281 707 2352 oppugnatus,
725 2281 789 2330 ut
817 2281 1033 2330 statuas
1060 2271 1202 2357 mibi
1231 2286 1355 2331 non
1382 2273 1564 2331 modo
1587 2289 1710 2331 non
1731 2272 2077 2344 cedendum,
2098 2272 2202 2332 sed

311 2371 488 2429 etiam
525 2378 628 2427 tuo
665 2380 837 2446 atque
875 2369 1160 2428 exercitus
1195 2369 1279 2427 tui
1315 2370 1530 2429 auxilio
1567 2370 1628 2429 in
1665 2370 1790 2429 eius
1825 2371 1988 2430 modi
2025 2389 2222 2441 causa¹

310 2467 590 2526 utendum
619 2467 812 2526 fuisse.
896 2466 1030 2542 Ego
1058 2477 1115 2526 te
1143 2467 1284 2526 mihi
1313 2485 1545 2545 semper
1571 2469 1825 2527 amicum
1857 2486 1986 2527 esse
2012 2469 2199 2541 volui;

309 2585 407 2625 me
428 2576 491 2625 ut
519 2565 621 2625 tibi
649 2565 1061 2624 amicissimum
1089 2583 1217 2624 esse
1245 2566 1626 2642 intellegereS,
1645 2566 1919 2631 laboravi.
1978 2565 2199 2627 Manen

311 2664 373 2747 in
393 2662 685 2722 voluntate
706 2671 779 2732 et,
798 2661 995 2737 quoad
1021 2662 1182 2722 voles
1209 2671 1289 2734 tu,
1307 2664 1666 2740 permanebo
1694 2664 1974 2739 citiusque
2001 2681 2202 2727 amore

312 2759 395 2818 tui
430 2759 665 2818 fratrem
702 2769 864 2817 tuum
903 2759 1099 2822 odisse
1144 2760 1410 2819 desinam
1451 2779 1630 2837 quam
1669 2761 1818 2820 illius
1854 2760 1997 2820 odio
2038 2760 2201 2838 quic·

312 2873 491 2937 quam
517 2856 592 2917 de
618 2866 818 2917 nostra
843 2856 1246 2916 benevolentia
1274 2857 1591 2918 detraham.
1819 2866 1894 3010 q·
2181 2878 2182 2883 ¹

799 3040 855 3098 6.
936 3038 1051 3097 AD
1091 3037 1484 3099 ATTICUM
1525 3040 1572 3098 Ι.
1624 3059 1716 3115 13.

531 3143 665 3207 Sex.
708 3143 927 3204 Rom
966 3165 1023 3206 A.
1050 3165 1107 3206 n.
1149 3165 1225 3205 vr.
1268 3145 1427 3205 ΚΑΙ..
1469 3145 1608 3209 Fan.
1648 3165 1819 3209 A.u.c.
1850 3148 1987 3227 693.

945 3270 1152 3312 cicnko
1191 3270 1406 3312 A‘r‘nco
1445 3271 1572 3313 SAL.

401 3376 448 3416 1.
495 3357 712 3418 Accam
740 3367 868 3416 tuas
895 3366 1012 3417 tres
1040 3357 1157 3415 iam
1186 3357 1493 3435 epistolas:
1532 3377 1711 3417 unam
1739 3377 1776 3417 a
1803 3358 1889 3418 M.
1908 3358 2202 3434 Cornelio,

314 3467 494 3528 quam
522 3450 740 3510 Tribus
762 3451 1066 3525 TaberniS,
1086 3462 1150 3511 ut
1176 3453 1405 3531 opinor,
1428 3453 1481 3511 ei
1496 3452 1735 3521 dedisti,
1753 3453 2007 3538 alteram,
2026 3472 2203 3534 quam

2299 504 2398 555 (³⁹¹0-

2387 421 2558 504 ,ηρ
