2642 3925
459 249 597 318 192·
821 285 826 295 .
933 288 939 295 .
1001 244 1082 294 u.
1127 244 1369 293 TULLII
1409 244 1613 294 cmm
1620 244 1785 297 oms
1932 247 1952 293 ·.
2084 231 2225 317 [Pari
2251 246 2351 298 tv.

826 453 926 512 89.
1011 451 1125 510 AD
1168 449 1673 510 FAMILIARES
1716 449 1823 510 Ix-
1872 464 1965 525 17.

740 564 873 626 Sca.
918 565 1136 625 Roma
1176 583 1365 622 MENSE
1411 563 1649 622 Saxum
1690 582 1859 624 A-U.c.
1906 565 2042 637 708.

1166 688 1374 730 crcERo
1416 687 1621 730 PAETO.

542 805 596 850 ι.
635 785 775 846 Non
810 797 874 844 tu
909 785 1090 843 homo
1127 784 1399 842 ridiculus
1438 802 1520 852 eS,
1558 783 1674 860 qui,
1711 801 1847 842 cum
1890 782 2109 844 Balbus
2145 795 2353 845 noster

456 884 612 962 apud
653 894 709 944 te
753 883 934 952 fuerit,
975 901 1047 942 ex
1103 901 1200 940 me
1241 895 1503 957 quaeras,
1545 881 1685 956 quid
1728 881 1801 939 de
1842 881 1965 941 istis
2014 884 2349 960 municipiis

456 993 516 1040 et
541 983 694 1058 agris
732 980 982 1040 futurum
1021 981 1260 1056 putem?
1304 979 1471 1055 quasi
1508 989 1607 1036 aut
1642 997 1761 1054 ego
1792 979 2106 1054 quicquam
2145 982 2346 1048 sciam,

447 1080 618 1156 quod
659 1080 767 1138 iste
815 1079 1051 1147 nesciat,
1101 1087 1214 1145 aut,
1263 1077 1310 1134 si
1355 1076 1496 1151 quid
1545 1076 1858 1152 aliquando
1906 1078 2046 1147 scio,
2092 1095 2216 1136 non
2272 1099 2349 1137 ex

456 1178 569 1236 isto
617 1177 838 1235 soleam
894 1175 1055 1232 scire.
1143 1173 1336 1232 Immo
1384 1191 1539 1242 ver0,
1585 1173 1635 1232 si
1689 1192 1787 1232 me
1830 1192 2011 1242 amaS‚
2046 1185 2109 1232 tu
2151 1175 2242 1234 fac
2285 1188 2351 1236 ut

458 1276 657 1344 sciam,
697 1273 837 1350 quid
879 1273 951 1330 de
993 1273 1162 1330 nobis
1203 1271 1459 1328 futurum
1502 1271 1573 1330 sit
1588 1289 1606 1343 ;
1656 1271 1903 1329 habuisti
1946 1273 2102 1331 enim
2145 1274 2206 1332 in
2247 1284 2355 1332 tua

457 1381 758 1449 potestate,
794 1389 872 1428 ex
914 1386 1033 1445 quo
1075 1369 1161 1427 vel
1205 1387 1276 1426 ex
1321 1369 1519 1426 sobrio
1554 1367 1643 1427 vel
1684 1380 1837 1427 certe
1879 1387 1953 1427 ex
1994 1371 2155 1429 ebrio
2199 1373 2349 1451 scire

458 1488 681 1547 posseS.
767 1469 882 1527 Sed
923 1486 1036 1545 ego
1078 1471 1216 1538 ista„
1246 1469 1328 1526 mi
1372 1468 1565 1539 Paete,
1612 1486 1736 1527 non
1784 1487 2035 1545 quaero:
2094 1470 2351 1546 primum

459 1569 596 1644 quia
636 1568 710 1626 de
758 1568 920 1626 lucro
963 1584 1146 1642 prope
1193 1566 1311 1623 iam
1352 1566 1797 1640 quadriennium
1846 1567 2107 1640 vivimus,
2150 1569 2201 1626 si
2250 1579 2352 1628 aut

458 1666 572 1724 hoc
614 1665 836 1724 lucrum
879 1675 968 1724 est
1015 1673 1114 1723 aut
1152 1663 1298 1722 haec
1340 1665 1471 1732 vita,
1516 1664 1887 1740 superstitem
1940 1667 2021 1725 rei
2079 1668 2350 1743 publicae

458 1765 679 1836 vivere3
723 1763 953 1834 deinde,
989 1763 1148 1838 quod
1187 1763 1333 1821 scire
1369 1781 1465 1838 ego
1502 1780 1737 1838 quoque
1772 1763 1913 1822 mihi
1949 1765 2165 1834 videor,
2206 1766 2349 1841 quid

460 1863 715 1922 futurum
752 1863 862 1920 sit:
908 1861 1006 1920 fiet
1043 1862 1198 1919 enim
1227 1861 1640 1936 quodcumque
1677 1862 1871 1920 volent
1909 1862 2007 1939 qui
2044 1863 2347 1936 valebunt3

460 1964 730 2022 valebunt
779 1972 974 2019 autem
1025 1978 1257 2034 semper
1301 1977 1477 2017 arma.
1566 1958 1715 2019 Satis
1771 1959 1943 2036 igitur
1996 1963 2169 2021 nobis
2218 1981 2363 2021 esse·

463 2061 636 2119 debet
675 2059 954 2135 quicquid
993 2058 1361 2115 conceditur:
1416 2055 1532 2115 hoc
1574 2057 1623 2115 si
1664 2058 1765 2132 qui
1805 2059 1926 2133 pati
1972 2076 2094 2117 non
2142 2062 2350 2135 potuit,

461 2159 611 2217 mori
639 2157 850 2216 debuit.
938 2175 990 2214 2.
1031 2155 1339 2213 Veientem
1376 2155 1611 2231 quidem
1648 2174 1854 2231 agrum
1891 2167 1950 2215 et
1990 2156 2349 2235 Capenatem

463 2257 807 2326 metiuntur3
866 2254 980 2312 hoc
1035 2272 1156 2312 non
1213 2254 1391 2329 longe
1444 2255 1608 2312 abest
1656 2272 1692 2311 a
1748 2254 2103 2315 Tusculano.
2188 2256 2349 2315 Nihil

464 2363 661 2413 tamen
703 2352 913 2410 timeo:
962 2350 1136 2421 fruor,
1173 2351 1318 2409 dum
1360 2352 1523 2422 licet:
1581 2361 1742 2427 opt0,
1784 2360 1848 2411 ut
1888 2371 2119 2429 semper
2158 2354 2346 2415 liceat.

457 2434 530 2509 'Si
577 2451 637 2509 id
684 2451 878 2508 minus
927 2449 1248 2523 contigerit,
1300 2458 1515 2518 tamen,
1562 2450 1842 2524 quoniam
1891 2467 2004 2526 ego
2052 2452 2137 2509 vir
2186 2452 2349 2513 fortis

466 2549 737 2624 idemque
805 2546 1186 2622 philosophus
1247 2548 1433 2606 vivere
1493 2547 1941 2622 pulcherrimum
2008 2550 2163 2619 duxi,
2218 2568 2348 2615 non

465 2664 712 2723 possum
752 2664 887 2704 eum
929 2662 1050 2703 non
1093 2644 1345 2720 diligere,
1380 2646 1541 2704 cuius
1582 2646 1865 2705 beneficio
1901 2645 1959 2705 id
2000 2659 2349 2709 consecutus

468 2764 632 2806 sum:
674 2744 776 2820 qui
813 2744 860 2802 si
899 2744 1094 2819 cupiat
1139 2761 1266 2801 esse
1311 2761 1437 2802 rem
1480 2743 1791 2818 publicam,
1831 2744 2062 2821 qualem
2105 2745 2348 2807 fortasse

466 2853 526 2902 et
563 2842 656 2901 ille
689 2842 809 2901 volt
847 2851 904 2900 et
940 2858 1148 2900 omnes
1186 2851 1389 2915 optare
1429 2841 1727 2908 debemus,
1764 2842 1903 2917 quid
1945 2842 2117 2901 faciat
2154 2854 2359 2907 tamen,

464 2958 587 2999 non
630 2940 840 3009 habet3
904 2941 982 2998 ita
1029 2958 1093 2999 se
1141 2957 1275 3005 cum
1323 2939 1515 3001 multis
1564 2938 1868 3014 colligavit.
1951 2940 2068 2999 Sed
2123 2941 2355 3017 longius

464 3037 842 3115 progredior3
908 3039 1098 3095 scribo
1148 3038 1305 3095 enim
1352 3036 1431 3095 ad
1478 3046 1553 3093 te.
1640 3055 1695 3111 3.
1739 3036 1878 3096 Hoc
1933 3048 2130 3097 tamen
2188 3041 2349 3111 scite,

466 3155 588 3195 non
626 3137 807 3194 modo
846 3154 959 3205 me,
987 3136 1086 3211 qui
1126 3135 1383 3194 consiliis
1420 3152 1541 3193 non
1578 3134 1877 3207 intersum,
1906 3136 2013 3194 sed
2049 3154 2125 3195 ne
2160 3138 2349 3213 ipsum

468 3234 701 3310 quidem
759 3235 1082 3309 principem
1139 3234 1300 3302 scire,
1354 3232 1494 3309 quid
1549 3232 1803 3291 futurum
1859 3234 1931 3291 sit
1947 3253 1965 3305 ς
2028 3252 2141 3292 nos
2195 3235 2348 3293 enim

466 3332 546 3389 illi
581 3331 876 3398 servimus,
906 3330 1032 3406 ipse
1073 3331 1468 3404 temporibus:
1510 3330 1588 3388 ita
1625 3348 1735 3388 nec
1772 3330 1882 3401 ille,
1910 3331 2051 3408 quid
2086 3342 2349 3408 tempora

467 3427 826 3501 postulatura
854 3426 984 3497 sint,
1007 3443 1116 3484 nec
1147 3443 1268 3497 nOS,
1295 3426 1434 3503 quid
1461 3426 1553 3487 ille
1582 3428 1813 3502 cogitet,
1844 3429 1990 3488 scire
2019 3447 2345 3505 possumus·
