2642 3925
270 272 493 355 Ep.92.]
662 284 889 335 EPIST.
933 282 1032 332 AD
1072 282 1519 333 FAMILIARES
1566 282 1660 333 Vt.
1709 284 1770 353 7.
2000 284 2153 333 ·201

269 435 606 514 parcissime
647 435 857 496 facere.
943 433 1060 494 Sed
1097 445 1295 494 tamen
1332 453 1446 513 ego
1475 433 1712 511 quidem
1751 451 1847 491 me
1877 431 2157 504 sustinui:

270 534 452 593 multa
499 534 699 605 minui,
740 534 923 593 multa
964 533 1185 605 sustuli,
1227 533 1530 609 complura
1570 550 1644 590 ne
1688 531 1859 609 posui
1903 530 2159 607 quidem.

273 630 468 703 Quem
512 631 589 691 ad
628 633 871 691 modum
909 632 1097 709 igitur,
1127 632 1414 691 scalarum
1450 630 1666 706 gradus
1705 630 1754 689 si
1792 630 1936 688 alios
1974 628 2160 699 tollaS,

274 729 418 789 alios
445 730 687 804 incidaS,
717 749 838 790 non
868 729 1056 789 nullos
1090 728 1242 790 male
1279 729 1584 788 haerentes
1621 729 1930 804 relinquaS,
1957 727 2160 785 ruinae

273 828 595 905 periculum
623 838 827 898 struas,
855 846 980 887 non
1018 845 1329 887 ascensum
1366 845 1550 903 pares,
1587 827 1671 886 sic
1709 835 1795 885 tot
1832 825 1999 883 malis
2037 836 2162 883 tum

273 927 532 985 vinctum
588 935 711 984 tum
768 926 1014 985 fractum
1068 926 1324 985 studium
1378 924 1667 985 scribendi
1716 924 1857 1000 quid
1914 923 2160 998 dignum

275 1025 511 1083 auribus
552 1032 652 1083 aut
690 1023 992 1102 probabile
1034 1031 1227 1100 potest
1268 1023 1532 1082 adferre?
1619 1042 1675 1095 4.
1719 1022 1872 1082 Cum
1905 1038 2044 1079 vero
2085 1019 2163 1079 ad

275 1122 457 1198 ipsius
501 1120 766 1180 Caesaris
815 1139 1034 1180 nomen
1083 1121 1232 1193 veni,
1271 1130 1398 1181 toto
1446 1139 1690 1197 corpore
1740 1130 2162 1190 contremesc0,

276 1237 403 1279 non
430 1237 659 1295 poenae
686 1227 862 1290 m'etu,
893 1220 997 1280 sed
1023 1220 1171 1279 illius
1198 1220 1426 1279 iudicii:
1456 1229 1643 1279 totum
1670 1221 1827 1279 enim
1850 1218 2162 1277 Caesarem

278 1336 403 1377 non
430 1318 583 1378 novi.
654 1317 848 1391 Quem
878 1328 1047 1395 putas
1076 1319 1336 1377 animum
1364 1337 1510 1391 esse,
1529 1318 1627 1377 ubi
1656 1335 1856 1377 secum
1883 1315 2164 1393 loquitur?

279 1415 420 1474 ‘hoc
462 1416 763 1492 probabit:
805 1416 921 1475 hoc
962 1418 1204 1475 verbum
1253 1416 1629 1493 suspitiosum
1677 1414 1799 1475 est!
1871 1419 1885 1446 ‘
1907 1413 2083 1487 Quid,
2114 1414 2164 1475 si

279 1513 396 1572 hoc
449 1515 652 1573 muto?
678 1491 766 1573 ⁸at
810 1532 1027 1584 vereor,
1069 1533 1144 1573 ne
1188 1515 1359 1591 peius
1410 1514 1516 1574 sit!
1591 1514 1748 1589 ‘Age
1796 1525 1951 1584 vere,
1986 1512 2166 1572 laudo

281 1611 565 1688 aliquem:
596 1631 738 1671 num
767 1613 1045 1674 offendo?
1074 1631 1209 1672 cum
1238 1630 1415 1689 porro
1444 1612 1757 1683 offendam,
1780 1613 1936 1689 quid,
1965 1613 2015 1671 si
2042 1630 2166 1671 non

279 1708 400 1768 volt
416 1709 467 1769 ?'
539 1709 792 1769 ‘Armati
828 1711 1024 1770 stilum
1067 1712 1459 1789 persequitur:
1500 1712 1631 1770 victi
1675 1719 1731 1769 et
1769 1709 2034 1768 nondum
2076 1728 2166 1768 re·

282 1807 461 1865 stituti
490 1807 629 1883 quid
657 1806 893 1868 faciet?’
962 1809 1164 1885 Auges
1193 1810 1368 1867 etiam
1397 1819 1459 1867 tu
1486 1808 1628 1866 mihi
1656 1808 1942 1876 timorem,
1973 1807 2072 1882 qui
2101 1806 2163 1863 in

283 1903 534 1966 Oratore
575 1914 677 1964 tuo
719 1923 889 1966 caves
931 1906 1031 1966 tibi
1073 1926 1176 1984 per
1218 1905 1459 1965 Brutum
1508 1916 1567 1966 et
1608 1905 1684 1965 ad
1728 1903 2168 1964 excusationem

283 2004 509 2062 socium
539 2004 801 2079 quaeris:
837 2003 938 2063 ubi
965 2005 1078 2064 hoc
1106 2006 1375 2064 omnium
1402 2014 1682 2081 patronus
1711 2004 1862 2074 facit,
1884 2003 2026 2079 quid
2052 2022 2168 2075 me,

282 2111 537 2160 veterem
566 2110 746 2173 tuum,
775 2120 932 2161 nunc
960 2104 1223 2161 omnium
1253 2103 1525 2183 clientem
1553 2103 1766 2163 sentire
1792 2102 2065 2178 oportet?
2106 2102 2168 2159 in

282 2199 393 2258 hac
423 2198 594 2275 igitur
621 2200 907 2257 calumnia
935 2200 1155 2259 timoris
1184 2209 1242 2259 et
1268 2218 1478 2260 caecae
1501 2199 1836 2276 suspitionis
1857 2208 2168 2270 torment0,

283 2316 419 2356 cum
447 2296 692 2374 plurima
719 2298 794 2355 ad
832 2298 1001 2356 alieni
1040 2315 1243 2357 sensus
1281 2299 1690 2369 coniecturam,
1720 2315 1844 2356 non
1882 2297 1958 2356 ad
1996 2315 2170 2356 suum

283 2394 562 2455 iudicium
604 2394 944 2466 scribantur,
982 2413 1161 2472 quam
1202 2394 1429 2454 difficile
1472 2397 1546 2455 sit
1586 2396 1847 2467 evadere,
1886 2396 1934 2454 si
1975 2397 2171 2455 minus

284 2501 558 2570 expertus
587 2509 668 2563 eS,
697 2491 857 2567 quod
895 2502 951 2551 te
989 2493 1066 2551 ad
1102 2493 1301 2551 omnia
1339 2511 1634 2552 summum
1671 2503 1845 2570 atque
1883 2494 2173 2555 excellens

172 2606 180 2614 ·
284 2589 587 2667 ingenium
636 2591 892 2661 armavit,
935 2608 1045 2650 nos
1094 2591 1391 2650 sentimus.
1477 2589 1595 2650 Sed
1643 2600 1838 2649 tamen
1887 2608 2001 2666 ego
2050 2591 2171 2649 filio

286 2691 567 2757 dixeram,
596 2686 804 2745 librum
831 2689 933 2746 tibi
962 2689 1179 2765 legeret
1206 2700 1264 2748 et
1291 2688 1553 2757 auferret,
1582 2697 1680 2746 aut
1718 2704 1788 2746 ea
1826 2687 2174 2747 condicione

288 2789 468 2858 daret,
499 2786 549 2845 si
585 2787 871 2862 reciperes
909 2795 964 2846 te
993 2796 1400 2857 correcturum,
1428 2785 1543 2844 hoc
1571 2794 1674 2854 est,
1706 2786 1755 2843 si
1782 2794 1970 2842 totum
1998 2783 2175 2841 alium

287 2886 528 2947 faceres,
620 2897 678 2958 5.
720 2884 812 2942 De
859 2884 1117 2943 Asiatico
1166 2884 1382 2953 itinere,
1411 2899 1768 2959 quamquam
1817 2898 2047 2940 summa
2093 2899 2176 2939 me
2209 2906 2217 2915 ·

288 2983 604 3044 necessitas
642 2982 961 3058 premebat,
991 2991 1053 3039 ut
1091 2979 1401 3056 imperasti,
1427 2977 1556 3037 feci.
1640 2978 1732 3037 Te
1766 2995 1876 3054 pro
1907 2995 2005 3036 me
2035 2977 2176 3053 quid

288 3081 524 3142 horter?
566 3080 727 3138 vides
769 3058 999 3155 tempus
1040 3079 1283 3148 venisse,
1323 3094 1443 3154 quo
1485 3093 1727 3135 necesse
1769 3075 1839 3134 sit
1881 3076 1954 3134 de
2002 3075 2174 3135 nobis

291 3180 574 3242 constitui.
630 3161 821 3236 'Nihil
860 3186 965 3247 est,
1002 3177 1084 3234 mi
1127 3175 1351 3246 CicerO,
1389 3174 1551 3251 quod
1598 3175 1778 3233 filium
1825 3191 2024 3233 meum
2072 3192 2176 3231 ex·

292 3290 560 3358 spectes:
604 3276 943 3335 adulescens
984 3285 1071 3332 est
1086 3293 1103 3346 ;
1148 3274 1348 3333 omnia
1385 3273 1714 3349 excogitare
1741 3271 1833 3331 vel
1865 3272 2056 3331 studio
2083 3270 2176 3329 vel

291 3386 481 3449 aetate
522 3373 614 3432 vel
654 3383 813 3432 metu
860 3390 981 3430 non
1023 3380 1230 3447 potest.
1308 3370 1532 3429 Totum
1575 3370 1875 3445 negotium
1930 3379 1992 3428 tu
2047 3386 2175 3428 sus-

286 3478 476 3539 tineas
506 3481 736 3551 oportet
750 3489 768 3546 3
812 3471 874 3528 in
913 3480 970 3530 te
1012 3468 1152 3528 mihi
1192 3468 1386 3529 omnis
1423 3486 1559 3547 spes
1596 3479 1702 3529 est.
1785 3467 1884 3527 Tu
1920 3484 2029 3547 pro
2074 3476 2177 3529 tua
