2642 3925
302 287 420 352 spp.
443 299 528 353 33,
551 268 664 364 34]
695 285 921 337 Emsr.
963 287 1064 337 An
1103 279 1549 337 nutamus
1586 278 1747 339 VIII.
1781 271 1839 339 8.
2092 283 2181 356 95

301 436 409 495 sed
457 454 592 496 curn
649 447 885 497 senatus
938 435 1172 498 habitus
1225 449 1383 498 esset
1434 435 1513 497 ad
1559 416 1841 514 Apollinis
1896 452 1948 494 a.
1996 433 2054 494 d.
2102 429 2184 494 xr.

305 532 438 593 Kal.
471 533 630 595 Sext.
656 543 715 594 et
752 534 1054 595 referretur
1088 535 1164 597 de
1203 535 1495 612 stipendio
1520 534 1628 595 Cn.
1655 533 1935 610 Pompeii,
1961 532 2180 590 mentio

303 631 456 691 sacta
492 642 580 692 est
619 633 693 692 de
731 632 960 709 legione
997 649 1085 704 ea,
1124 649 1302 711 quam
1338 648 1655 709 expensam
1690 631 1815 690 tulit
1852 629 1919 689 C.
1950 628 2185 688 Caesari

306 728 640 806 PompeiuS‚
685 714 803 808 quo
853 747 1102 789 numero
1148 739 1317 800 esset,
1362 729 1562 805 quoad
1608 737 1907 804 peteretur.
1968 731 2005 796 †
2033 725 2188 786 Cum

308 824 639 901 Pompeius
667 831 684 861 ⁸
699 843 829 884 esse
868 827 931 884 in
977 823 1205 898 Gallia:
1243 835 1479 885 coactus
1519 834 1607 884 est
1646 825 1836 899 dicere
1877 824 2188 902 Pompeius

308 937 372 977 se
409 913 702 995 legionem
742 919 1140 990 abducturum,
1172 918 1274 978 sed
1311 936 1434 977 non
1472 919 1662 977 statim
1698 919 1809 977 sub
1832 919 2189 977 mentionem

277 1057 290 1068 -
307 1027 368 1076 et
428 1017 744 1077 convitium
800 1018 1295 1088 obtrectatorum3
1366 1017 1501 1074 inde
1555 1016 1932 1093 interrogatus
1985 1021 2068 1074 est
2116 1016 2190 1076 de
2264 1018 2271 1024 '

305 1113 680 1174 successione
723 1111 794 1174 C.
827 1113 1113 1184 Caesam,
1155 1109 1233 1173 de'
1272 1132 1392 1191 qua
1432 1109 1571 1195 [hoc
1611 1125 1701 1173 est
1734 1114 1813 1174 de
1853 1108 2189 1196 provinciis]

308 1211 585 1288 placitum
632 1221 738 1283 est,
787 1220 850 1269 ut
898 1229 1077 1288 quam
1129 1211 1385 1286 primum
1438 1210 1514 1270 ad
1569 1212 1769 1270 urbem
1822 1221 2192 1270 reverteretur

310 1307 421 1368 Cn.
449 1307 785 1386 Pompeius,
813 1318 876 1367 ut
909 1324 1107 1366 coram
1122 1325 1215 1366 .eo
1253 1308 1330 1367 de
1368 1309 1735 1367 successione
1772 1309 2191 1385 provinciarum

312 1412 618 1484 ageretur}
679 1423 819 1465 nam
861 1406 1191 1464 Ariminum
1232 1406 1308 1463 ad
1356 1406 1669 1463 exercitum
1715 1405 2026 1482 Pompeius
2069 1416 2193 1466 erat

309 1507 507 1574 iturus,
549 1513 608 1562 et
649 1505 843 1564 statim
883 1503 962 1563 iit.
1047 1503 1198 1562 Puto
1241 1503 1443 1561 Idibus
1487 1502 1643 1561 Sext.
1659 1495 1751 1562 ‘de
1791 1522 1863 1563 ea
1901 1523 1962 1563 re
1999 1514 2191 1564 actum

309 1602 399 1660 iri.
479 1600 748 1662 Profecto
790 1609 892 1660 aut
932 1601 1279 1675 transigetur
1318 1599 1549 1676 aliquid,
1592 1611 1690 1659 aut
1739 1603 1974 1678 turpiter
2020 1603 2191 1662 inter-

314 1701 563 1758 cedetur.
650 1698 810 1758 Nam
848 1698 912 1756 in
954 1697 1307 1773 disputando
1352 1697 1601 1757 coniecit
1640 1698 1795 1757 illam
1835 1717 2041 1758 vocem
2082 1699 2189 1759 Cn.

314 1797 646 1874 Pompeius,
687 1814 899 1856 omnes
936 1807 1206 1872 oportere
1247 1795 1472 1854 senatui
1513 1794 1670 1855 dicto
1710 1797 2028 1856 audientes·
2048 1815 2193 1857 esse.

311 1895 447 1973 Ego
514 1905 711 1955 tamen
781 1895 867 1954 sic
935 1893 1079 1953 nihil
1147 1903 1441 1969 exspecto,
1501 1911 1623 1973 quo
1687 1894 1867 1953 modo
1934 1894 2193 1966 Paulum,

315 1994 614 2054 consulem
684 1993 1074 2070 designatum,
1143 1991 1398 2067 primum
1471 1992 1814 2051 sententiam
1890 1994 2195 2055 dicentem.

318 2106 372 2165 5.
415 2092 660 2170 Saepius
714 2101 775 2150 te
831 2089 1131 2149 admoneo
1184 2087 1259 2147 de
1307 2090 1639 2166 syngrapha
1686 2090 1961 2163 Sittiana3
2022 2094 2197 2170 cupio

316 2190 472 2249 enim
525 2202 582 2251 te
635 2189 972 2264 intellegere
1026 2204 1158 2245 eam
1214 2204 1337 2243 rem
1386 2188 1462 2246 ad
1515 2202 1611 2246 me
1658 2188 1820 2248 valde
1874 2190 2196 2266 pertinere3

317 2288 454 2345 item
508 2287 583 2348 de
637 2286 959 2365 pantheris,
1007 2293 1071 2342 ut
1125 2283 1429 2359 Cibyratas
1484 2303 1741 2346 arcessas
1794 2305 2092 2366 curesque,
2134 2300 2198 2349 ut

317 2384 458 2443 mihi
509 2368 848 2455 veha.ntur;⁴
892 2391 1192 2460 praeterea
1242 2381 1568 2441 nuntiatum
1625 2384 1796 2444 nobis
1848 2392 1932 2445 est
1978 2397 2036 2446 et
2089 2405 2197 2464 pro

317 2491 475 2542 certo
511 2482 628 2542 iam
668 2481 930 2550 habetur,
964 2497 1164 2554 regem
1196 2478 1651 2538 Alexandrinum
1692 2492 2016 2557 mortuum;
2059 2486 2200 2561 quid

319 2579 458 2637 mihi
506 2580 772 2650 suadeas,
816 2596 937 2655 quo
986 2577 1170 2636 modo
1216 2594 1464 2653 regnum
1506 2579 1644 2639 illud
1686 2600 1751 2641 se
1798 2582 2023 2653 habeat,
2071 2584 2200 2660 quis

319 2686 606 2752 procuret,
633 2677 939 2753 diligenter
964 2674 1104 2733 mihi
1136 2676 1472 2751 perscribas..
1555 2676 1635 2736 K.
1665 2678 1822 2739 Sext.

687 2855 782 2911 34.
866 2847 983 2909 AD
1022 2847 1525 2909 FAMILIARES
1567 2849 1739 2909 VIII.
1782 2856 1841 2912 8.
2088 2759 2175 2829 p

467 2959 598 3022 Sca.
641 2962 862 3025 Rom
901 2980 1157 3023 monn:
1195 2982 1385 3024 msa
1426 2964 1693 3026 Oc‘romu
1733 2984 1899 3027 A.u.c.
1947 2979 2083 3043 703.

910 3086 1152 3131 cauus
1189 3088 1461 3130 emnem
1498 3088 1620 3131 sar..

321 3206 328 3213 ·
413 3192 465 3239 ι.
497 3178 650 3241 Ἑτει
681 3182 767 3243 ·de
799 3202 860 3242 re
898 3184 1131 3260 publica
1169 3201 1321 3260 quae
1359 3184 1459 3243 tibi
1498 3187 1743 3245 scribam
1776 3186 1985 3259 habeo,
2013 3197 2209 3248 tamen

319 3276 469 3335 -nihil
537 3282 699 3356 quod
763 3279 954 3357 magis
1014 3283 1344 3357 gavisurum
1413 3293 1470 3341 te
1529 3295 1729 3360 putem
1788 3285 1979 3345 habeo
2033 3304 2210 3361 quam

328 3373 478 3434 hoc:
543 3378 691 3435 scito
748 3376 815 3437 C.
860 3377 1273 3455 Sempronium
1332 3378 1572 3454 Rufum,
1626 3378 1920 3464 [Rufum,]
1970 3383 2085 3441 mel
2141 3400 2211 3441 ac

319 3471 566 3567 delicias
594 3483 742 3546 tuas
764 3476 1122 3568 calumniam,
1143 3479 1403 3538 maximo
1432 3480 1641 3561 plausu
1666 3480 1881 3540 tulisse.
1951 3479 2213 3575 Quaeris

2038 3629 2275 3689 μή..
