2642 3925
258 273 345 334 Ep.
371 282 478 335 109,
505 257 646 340 um]
714 268 939 321 EPIST.
970 269 1069 317 AD
1097 269 1429 319 Arrtctm
1450 271 1594 320 xlv.
1624 273 1707 343 ‘13
1741 272 1802 318 B.
2022 270 2101 324 22
2105 278 2143 344 5

256 438 418 504 patre
460 428 618 487 eius:
660 446 782 487 non
823 425 1242 505 contempseris
1289 428 1444 487 hanc
1487 427 1797 502 familiam3
1840 427 2142 488 honestius

255 527 409 584 enim
479 536 538 584 et
605 526 874 585 libentius
930 526 1280 602 deponimus
1347 526 1674 585 inimicitias
1728 527 1810 584 rei
1879 527 2142 603 publicae

255 624 496 682 nomine
536 633 837 701 susceptas
869 643 1059 701 -quam
1107 622 1528 682 contumaciae.
1611 622 1716 682 Me
1756 621 1967 682 deinde
2017 624 2143 682 sine

254 720 329 780 ad
370 720 524 780 hanc
553 722 891 797 opinionem
930 722 1048 779 iam
1088 738 1244 779 nunc
1282 719 1533 797 dirigere
1571 738 1819 797 puerum
1849 733 1905 780 et
1944 731 2145 781 tenero

252 819 451 877 animo
502 820 627 878 eius
672 819 1023 896 persuadere
1067 835 1190 876 non
1237 836 1369 877 esse
1420 818 1730 877 tradendas
1771 819 2018 895 posteris
2058 820 2145 877 in-

253 916 533 977 imicitias,
617 915 997 993 Quamquam
1037 925 1200 974 tuam
1241 914 1554 987 fortunam,
1599 914 1826 987 Cicero,
1864 916 1941 975 ab
1982 916 2146 975 omni

251 1014 511 1089 periculo
560 1015 765 1074 abesse
815 1026 1036 1073 certum
1057 1033 1061 1038 ·
1080 1011 1289 1084 habeo,
1328 1023 1530 1071 tamen
1575 1014 1818 1072 arbitror
1862 1014 2037 1073 'malle
2086 1023 2145 1073 te

251 1112 507 1187 quietam
555 1121 913 1171 senectutem
956 1122 1014 1169 et
1060 1109 1446 1170 honorificam
1501 1112 1694 1187 potius
1748 1129 1920 1188 agere
1966 1130 2144 1188 quam

251 1209 574 1268 sollicitam.
661 1210 963 1269 Postremo
992 1225 1127 1266 meo
1154 1209 1276 1267 iure
1317 1218 1375 1267 te
1411 1207 1528 1267 hoc
1567 1208 1916 1268 beneficium
1955 1227 2142 1287 rog03

251 1307 395 1365 nihil
448 1308 607 1366 enim
664 1325 787 1366 non
826 1317 928 1366 tua
963 1322 1143 1364 causa
1182 1305 1310 1365 feci.
1399 1304 1579 1378 Quod
1619 1307 1668 1364 si
1710 1324 1836 1365 non
1874 1307 2142 1383 impetr0‚

249 1423 358 1481 per
410 1423 508 1463 me
563 1403 775 1463 Clodio
820 1404 1058 1462 daturus
1104 1421 1226 1462 non
1270 1421 1419 1474 sum,
1469 1413 1531 1462 ut
1580 1403 1895 1480 intellegas,
1944 1407 2145 1481 quanti

251 1502 411 1578 apud
464 1520 562 1561 me
617 1501 927 1561 auctoritas
977 1509 1081 1561 tua
1137 1500 1226 1572 sit,
1271 1510 1446 1577 atque
1491 1518 1566 1560 eo
1615 1511 1670 1560 te
1715 1501 2146 1579 placabiliorem

252 1601 553 1677 praebeas,

593 1761 727 1819 110.
805 1756 922 1818 AD
964 1755 1356 1816 ATT1cUM
1394 1754 1563 1816 xw.
1609 1773 1683 1834 13
1725 1753 1794 1815 B.

779 1890 985 1933 CICERO
1025 1889 1280 1932 ANTONIO
1317 1889 1438 1931 COS.
1481 1888 1529 1931 S.
1568 1888 1623 1932 D·

343 2008 396 2049 1.
438 1988 619 2062 Quon
664 2005 900 2047 mecum
945 2005 1051 2063 per
1093 1986 1308 2046 litteras
1357 1985 1500 2062 agis,
1546 2002 1726 2043 unam
1775 1984 1855 2043 ob
1902 2000 2142 2044 causam

253 2087 491 2147 mallem
519 2104 719 2146 coram
747 2085 1008 2160 egisses:
1048 2102 1171 2144 non
1204 2083 1364 2142 enim
1397 2083 1590 2142 solum
1626 2100 1702 2140 ex
1727 2081 2007 2154 oratione,
2039 2082 2146 2141 sed

255 2185 432 2244 etiam
472 2202 545 2242 ex
573 2183 730 2243 voltu
759 2191 817 2242 et
843 2182 1028 2242 oculis
1055 2192 1114 2240 et
1149 2181 1362 2251 fronte,
1388 2190 1453 2239 ut
1479 2180 1658 2252 aiunt,
1686 2198 1885 2238 meum
1921 2198 2061 2257 erga
2086 2190 2146 2240 te

256 2300 523 2343 amorem
584 2281 910 2358 perspicere
974 2279 1306 2356 potuisses3
1377 2295 1531 2348 nam,
1590 2295 1726 2336 cum
1760 2287 1847 2337 ·te
1913 2295 2145 2356 semper

253 2381 462 2451 amavi,
506 2379 759 2455 primum
799 2387 902 2438 tuo
945 2376 1152 2450 studi0‚
1196 2386 1334 2454 post
1374 2376 1550 2434 etiam
1591 2374 1876 2434 beneficio
1931 2393 2145 2453 provo-

255 2488 439 2547 catuS,
470 2486 594 2534 tum
634 2475 724 2534 his
763 2474 1121 2552 temporibus
1162 2492 1254 2533 res
1295 2473 1531 2552 publica
1569 2481 1628 2531 te
1666 2471 1811 2531 mihi
1853 2473 1932 2532 ita
1980 2492 2142 2533 com-

252 2573 570 2644 mendavit,
591 2583 653 2631 ut
679 2571 962 2635 cariorem
987 2571 1234 2631 habeam
1254 2573 1569 2630 neminem.
1657 2590 1709 2630 2.
1738 2569 1987 2629 Litterae
2004 2590 2143 2631 vero

253 2683 391 2731 tuae
447 2689 582 2729 cum
632 2668 1042 2740 amantissime,
1082 2678 1209 2727 tum
1263 2668 1845 2729 honorificentissime
1894 2668 2147 2744 scriptae

255 2773 341 2831 sic
382 2787 482 2828 me
522 2768 878 2838 adfecerunt,
920 2777 983 2825 ut
1023 2785 1146 2826 non
1187 2765 1325 2826 dare
1368 2768 1469 2827 tibi
1510 2765 1862 2825 beneficium
1903 2766 2140 2839 viderer,

255 2869 363 2929 sed
390 2868 655 2944 accipere
683 2883 721 2924 a
745 2875 803 2924 te
830 2865 909 2923 ita
935 2873 1184 2941 petente,
1212 2874 1275 2924 ut
1303 2864 1602 2923 inimicum
1628 2881 1843 2935 meum,
1871 2883 2141 2925 necessa-

252 2968 407 3025 rium
434 2974 618 3035 tuum,
647 2982 744 3022 me
771 2963 949 3021 invito
973 2980 1197 3022 servare
1225 2962 1424 3034 nolleS,
1467 2979 1602 3021 cum
1628 2960 1689 3020 id
1716 2961 1874 3020 nullo
1903 2965 2142 3039 negotio

252 3064 448 3123 facere
504 3079 726 3138 posses.
812 3079 866 3137 3.
908 3060 1043 3135 Ego
1096 3077 1233 3119 vero
1287 3059 1391 3118 tibi
1433 3059 1595 3131 istuc,
1638 3058 1720 3116 mi
1766 3061 2009 3132 Antoni,
2053 3080 2140 3121 re·

253 3162 443 3231 mitt0,
490 3169 664 3235 atque
705 3158 802 3231 ita,
844 3169 907 3216 ut
953 3175 1051 3216 me
1094 3176 1130 3217 a
1177 3167 1252 3229 te,
1297 3175 1434 3216 cum
1476 3156 1544 3216 iis
1590 3157 1775 3216 verbis
1830 3159 2140 3237 scripseris,

254 3257 655 3319 liberalissime
708 3266 883 3331 atque
945 3254 1521 3315 honorificentissime
1587 3264 1889 3314 tractatum
1952 3250 2143 3316 existi-

253 3370 434 3423 mem,
478 3350 654 3425 idque
698 3367 833 3408 curn
878 3357 1084 3420 totum,
1126 3366 1365 3426 quoquo
1412 3349 1594 3409 modo
1642 3367 1706 3407 se
1754 3367 1847 3409 res
1888 3348 2140 3423 haberet,

253 3450 355 3511 tibi
393 3447 656 3509 dandum
683 3456 963 3524 putarem,
990 3455 1113 3505 tum
1141 3446 1219 3506 do
1248 3446 1422 3504 etiam
1447 3445 1787 3506 humanitati
1822 3458 1881 3507 et
1907 3459 2142 3511 naturae

1179 3560 1219 3613 Q
