2642 3925
471 239 600 308 216
1029 253 1104 305 Μ.
1145 252 1395 308 ,Τυιιιι
1437 254 1639 302 crem
1648 254 1811 302 oms
1981 311 1985 314 Δ
2102 241 2246 326 [Pars
2272 255 2363 305 w.

817 471 951 530 102.
1035 465 1150 526 AD
1190 467 1695 530 FAMILIARES
1738 468 1909 529 XIII.
1953 487 2011 542 4.

769 582 900 643 Sca.
932 581 1151 643 Romu:
1191 601 1380 642 MENSE
1422 581 1700 658 OcTomu,
1730 602 1900 645 A.u.c.
1934 599 2069 660 709.

565 707 628 748 Μ.
657 707 864 750 cremo
893 707 936 748 s,
967 707 1023 748 n.
1047 707 1101 756 Q.
1129 707 1384 749 vALmuo
1411 707 1465 756 Q.
1496 707 1548 748 r.
1578 707 1765 750 ORCAE
1792 708 2024 750 LEGATO
2053 710 2255 753 mom.

554 823 603 864 1.
646 802 786 864 Cum
825 804 1214 880 municipibus
1241 802 1639 864 Volaterranis
1676 805 1818 864 mihi
1846 825 2076 866 summa
2104 809 2362 868 necessi-

467 903 608 962 tudo
657 912 746 961 est
763 923 780 976 ;
838 920 1059 978 magno
1108 903 1266 960 enim
1315 919 1453 961 meo
1501 903 1787 962 beneficio
1836 905 2049 963 adfecti
2098 906 2361 965 cumula-

467 1003 686 1060 tissime
716 1000 858 1058 mihi
900 1001 1144 1077 gratiam
1186 999 1521 1059 rettulerunt
1536 1019 1553 1071 ς
1596 1019 1734 1059 nam
1775 1020 1887 1061 nec
1929 1004 1991 1060 in
2031 1002 2361 1062 honoribus

443 1100 611 1173 ⁸meis
637 1118 731 1156 nec
759 1099 822 1156 in
851 1098 1145 1157 laboribus
1173 1115 1455 1172 umquam
1485 1097 1805 1158 defuerunt.
1892 1097 2046 1158 Cum
2066 1102 2279 1176 quibus
2308 1103 2362 1160 si

465 1196 605 1254 mihi
649 1196 807 1255 nulla
849 1214 1027 1254 causa
1069 1196 1463 1267 intercederet,
1499 1207 1714 1268 tamen,
1748 1197 1910 1273 quod
1948 1207 2005 1257 te
2042 1198 2361 1258 vehemen-

465 1295 682 1354 tissime
729 1294 907 1368 diligo
956 1295 1232 1370 quodque
1281 1313 1379 1352 me
1425 1312 1462 1352 a
1510 1303 1567 1353 te
1616 1295 1845 1370 plurimi
1889 1295 2010 1354 fieri
2053 1297 2259 1363 sentio,
2300 1308 2362 1357 et

465 1409 766 1449 monerem
816 1403 871 1451 te
916 1402 974 1451 et
1022 1391 1295 1464 hortarer,
1338 1401 1403 1450 ut
1450 1409 1652 1450 eorum
1700 1390 1947 1452 fortunis
2001 1394 2358 1466 consulereS,

467 1491 803 1564 praesertim
853 1507 988 1547 cum
1037 1507 1220 1566 prope
1262 1490 1636 1566 praecipuam
1679 1506 1915 1547 causam
1958 1488 2240 1550 haberent
2280 1493 2361 1552 ad

466 1586 557 1643 ius
595 1586 1014 1645 obtinendum:
1059 1588 1313 1663 primum
1354 1586 1516 1662 quod
1560 1585 2095 1663 Sullani‚temporis
2136 1590 2359 1649 acerbi-

465 1693 643 1742 tatem
700 1684 944 1743 deorum
999 1684 1411 1744 immortalium
1459 1684 1816 1759 benignitate
1864 1685 2354 1762 subterfugerunt,

467 1781 694 1854 deinde,
724 1783 886 1859 quod
921 1800 1151 1856 summo
1192 1782 1384 1840 studio
1418 1783 1619 1859 populi
1649 1781 1905 1840 Romani
1933 1801 1969 1841 a
1996 1803 2091 1843 me
2119 1785 2180 1843 in
2208 1805 2357 1846 con-

466 1879 652 1941 sulatu
707 1897 843 1938 meo
899 1879 1121 1938 defensi
1177 1888 1329 1938 sunt.
1416 1899 1469 1937 2.
1529 1877 1681 1938 Cum
1736 1881 1877 1938 enim
1933 1882 2149 1940 tribuni
2198 1886 2357 1960 plebi

464 1978 652 2055 legem
683 1979 1103 2055 iniquissimam
1132 1977 1205 2036 de
1227 1995 1432 2037 eorum
1452 1978 1605 2053 agris
1628 1980 2165 2055 promulgavissent,
2185 1982 2357 2043 facile

464 2078 690 2136 senatui
717 2078 1052 2154 populoque
1085 2076 1359 2135 Romano
1394 2078 1671 2152 persuasi,
1700 2086 1764 2135 ut
1802 2096 1905 2136 eos
1944 2080 2113 2151 cives,
2144 2082 2364 2157 quibus⁴

466 2174 695 2233 fortuna
734 2175 1106 2251 pepercisset,
1137 2174 1328 2233 salvos
1367 2193 1497 2233 esse
1533 2174 1757 2236 vellent.
1843 2174 2020 2235 Hanc
2058 2179 2355 2241 actionem

464 2290 657 2330 meam
687 2271 754 2331 C.
786 2272 1004 2331 Caesar
1039 2272 1228 2348 primo
1267 2289 1376 2329 suo
1414 2273 1716 2331 consulatu
1756 2272 1885 2349 lege
1923 2276 2147 2349 agraria
2188 2296 2357 2337 com-

464 2369 728 2445 probavit
755 2387 1073 2445 agrumque
1105 2369 1549 2429 Volaterranum
1586 2382 1643 2430 et
1679 2371 1961 2447 oppidum
2000 2375 2163 2432 omni
2201 2379 2355 2453 peri-

465 2467 598 2526 culo
631 2467 689 2524 in
718 2477 1062 2543 perpetuum
1090 2468 1362 2540 liberavit,
1390 2479 1453 2527 ut
1490 2468 1631 2526 mihi
1670 2469 1910 2528 dubium
1948 2490 2072 2529 non
2108 2474 2181 2532 sit
2208 2477 2355 2551 quin

463 2564 530 2637 is,
557 2565 657 2641 qui
686 2583 869 2624 novas
899 2566 1355 2624 necessitudines
1385 2567 1678 2641 adiungat,
1706 2576 1897 2625 vetera
1924 2586 2030 2627 sua
2066 2571 2359 2635 beneficia

464 2662 792 2722 conservari
825 2664 975 2723 velit.
1058 2663 1256 2735 Quam
1295 2666 1374 2722 ob
1408 2682 1531 2722 rem
1570 2674 1659 2722 est
1692 2673 1823 2723 tuae
1868 2666 2211 2740 prudentiae
2252 2684 2354 2733 aut

463 2762 628 2837 sequi
685 2763 806 2821 eius
862 2763 1275 2833 auctoritatem,
1328 2762 1491 2821 cuius
1542 2770 1759 2820 sectam
1816 2772 1988 2841 atque
2043 2766 2353 2843 imperium

464 2877 694 2917 summa
721 2878 854 2918 cum
884 2869 983 2918 tua
1010 2860 1288 2936 dignitate
1317 2870 1548 2918 secutus
1561 2847 1648 2930 eS,
1670 2870 1767 2917 aut
1791 2875 1943 2919 certe
1968 2862 2043 2921 illi
2063 2864 2353 2942 integram

461 2974 699 3015 omnem
728 2975 966 3016 causam
996 2977 1281 3017 reservare
1298 2978 1315 3030 ς
1361 2958 1498 3016 illud
1527 2976 1663 3016 vero
1690 2958 1954 3018 dubitare
1991 2980 2114 3020 non
2152 2965 2353 3039 debes',

462 3056 602 3130 quin
643 3067 763 3112 tam
804 3073 994 3131 grave,
1031 3065 1149 3113 tam
1185 3056 1432 3128 firmum,
1462 3067 1581 3113 tarn
1619 3054 1929 3117 honestum
1968 3060 2353 3139 muniprium

462 3152 564 3211 tibi
615 3162 716 3210 tuo
771 3170 1002 3211 summo
1059 3154 1344 3213 beneficio
1401 3154 1462 3210 in
1514 3163 1859 3229 perpetuum
1903 3156 2149 3233 obligari
2187 3162 2349 3223 velis.

465 3268 520 3323 3.
565 3248 681 3307 Sed
722 3248 884 3319 haec,
914 3268 1064 3325 quae
1106 3270 1282 3328 supra
1323 3251 1535 3328 scripta
1571 3260 1720 3322 sunt,
1760 3268 1833 3310 eo
1877 3236 2161 3329 spectantss
2185 3268 2251 3318 ut
2288 3271 2351 3321 te

462 3344 653 3419 horter
681 3359 737 3403 et
767 3347 1075 3406 suadeam:
1113 3349 1334 3425 reliqua
1362 3362 1511 3415 sunt,
1537 3368 1685 3426 quae
1715 3352 2002 3425 pertinent
2029 3355 2106 3413 ad
2133 3374 2351 3431 rogan·

464 3440 622 3511 dum,
660 3454 722 3499 ut
767 3459 890 3500 non
932 3444 1124 3502 solum
1173 3458 1270 3505 tua
1318 3464 1492 3505 causa
1542 3447 1642 3506 tibi
1698 3448 2001 3509 consilium
2055 3470 2151 3513 me
2208 3455 2351 3515 dare
