2642 3925
419 195 503 275 46
950 204 1030 256 M.
1080 203 1326 254 TULLII
1365 202 1569 251 crem
1578 201 1741 250 oms
2088 186 2227 269 [Pan
2254 200 2295 251 1.

417 362 664 441 aliquid!
705 363 887 423 multa
912 360 1207 423 occultant
1233 370 1367 421 tuae
1392 360 1630 432 litterae,
1657 357 1855 430 cred0,
1884 376 1961 418 ne
1987 355 2299 416 vehemen—

416 462 529 521 tius
562 462 967 538 desperatione
1003 460 1319 538 perturber.
1390 457 1553 530 Quid
1592 459 1750 517 enim
1788 457 1948 515 vides
1986 456 2083 531 agi
2122 472 2300 531 posse

417 572 514 619 aut
541 577 661 636 quo
687 559 908 618 modo?
949 576 1055 635 per
1082 557 1469 617 senatumne?
1511 566 1601 616 ast
1626 565 1748 615 tute
1778 555 2053 632 scripsisti
2081 553 2159 612 ad
2185 569 2299 624 me,

416 656 715 733 quoddam
743 665 918 734 caput
952 656 1098 733 legis
1126 654 1402 714 Clodium
1442 656 1503 713 in
1546 655 1740 714 curiae
1779 663 1950 730 poste
1976 652 2192 722 fixisse,
2220 669 2299 710 mr

415 772 668 815 Rus-xxm
708 772 862 816 mm:
901 772 1020 814 nrcr
1059 771 1327 814 menam.
1412 752 1553 825 Quo
1581 750 1763 810 modo
1804 751 1977 827 igitur
2003 749 2297 809 Domitius

417 871 481 911 se
509 852 653 911 dixit
678 850 1034 911 relaturum?
1077 868 1196 927 quo
1225 850 1407 909 modo
1437 860 1631 908 autem
1662 849 1751 919 iis,
1781 865 1931 924 quos
1971 856 2036 907 tu
2078 846 2298 915 scribis,

415 958 475 1008 et
501 948 575 1007 de
601 966 667 1007 re
693 949 1020 1008 dicentibus
1048 958 1123 1027 et,
1150 957 1215 1006 ut
1239 947 1557 1018 referretur,
1593 946 2020 1023 postulantibus
2054 943 2298 1004 Clodius

415 1045 636 1106 tacuit?
695 1064 784 1118 ac,
839 1046 888 1104 si
932 1064 1038 1123 per
1083 1045 1385 1122 populum,
1434 1045 1721 1121 poteritne
1765 1043 1877 1103 nisi
1914 1043 1989 1103 de
2031 1041 2299 1102 omnium

415 1145 778 1203 tribunorum
806 1143 887 1219 pl.
909 1143 1230 1203 sententia?
1271 1141 1415 1219 quid
1443 1142 1516 1201 de
1543 1141 1756 1201 bonis?
1798 1141 1941 1218 quid
1969 1140 2043 1199 de
2072 1139 2297 1199 domo?

416 1243 703 1317 poteritne
730 1241 989 1300 restitui?
1032 1250 1146 1312 aut,
1179 1241 1227 1300 si
1253 1258 1379 1299 non
1404 1239 1634 1316 poterit,
1675 1247 1913 1315 egomet
1952 1256 2073 1315 quo
2114 1237 2298 1298 modo

418 1339 666 1414 potero?
765 1336 934 1397 Haec
977 1339 1089 1397 nisi
1136 1337 1297 1398 vides
1341 1335 1619 1413 expediri,
1667 1353 1846 1413 quam
1887 1336 1951 1394 in
1995 1353 2161 1411 spem
2200 1353 2300 1395 me

418 1435 638 1494 vocas?
680 1435 768 1494 sin
788 1446 982 1495 autem
1008 1436 1134 1513 spei
1160 1434 1304 1495 nihil
1330 1445 1434 1501 est,
1456 1452 1605 1512 quae
1631 1442 1722 1494 est
1748 1432 1891 1491 mihi
1918 1433 2074 1492 vita?
2102 1433 2298 1510 itaque

419 1541 698 1608 exspecto
752 1532 1208 1593 Thessalonicae
1289 1541 1421 1593 acta
1489 1531 1623 1592 Kal.
1696 1531 1875 1598 Sext„
1945 1551 2020 1591 ex
2088 1532 2299 1608 quibus

420 1639 670 1688 statuam
721 1629 783 1689 in
831 1639 1040 1690 tuosne
1087 1649 1263 1707 agros
1316 1629 1667 1706 confugiam,
1715 1639 1780 1689 ut
1832 1647 2026 1706 neque
2068 1629 2299 1688 videam

417 1728 700 1801 homineS,
729 1747 878 1806 quos
905 1730 1112 1801 nolim,
1128 1739 1193 1789 et
1228 1738 1307 1800 te,
1333 1739 1402 1789 ¹ut
1439 1728 1663 1801 scribis,
1685 1728 1919 1787 videam
1957 1737 2019 1787 et
2059 1728 2299 1805 propius

417 1828 546 1900 sim,
598 1827 650 1887 si
706 1826 846 1905 quid
892 1828 1356 1906 agatur—idque
1410 1825 1666 1886 intellexi
1694 1844 1829 1885 cum
1874 1827 1998 1898 tibi,
2046 1837 2171 1886 tum
2219 1827 2298 1900 Q.

414 1923 572 1984 fratri
598 1925 924 2002 placere—,
953 1944 1030 1985 an
1058 1926 1267 1986 abeam
1294 1924 1592 2003 Cyzicum.
1664 1937 1721 2000 7.
1764 1922 1956 1997 Nunc,
1985 1924 2297 2001 Pomponi,

417 2024 698 2099 quoniam
750 2023 892 2083 nihil
943 2025 1247 2101 impertisti
1299 2033 1435 2084 tuae
1498 2020 1838 2101 prudentiae
1904 2022 1984 2082 ad
2050 2024 2299 2083 salutem

417 2138 629 2190 meam,
650 2121 814 2196 quod
838 2130 938 2181 aut
963 2121 1024 2178 in
1051 2140 1148 2181 me
1173 2123 1306 2198 ipso
1334 2122 1473 2181 satis
1500 2139 1627 2181 esse
1655 2121 1880 2181 consilii
1908 2120 2172 2181 decreras
2200 2131 2301 2180 aut

420 2228 476 2275 te
519 2217 659 2274 nihil
705 2217 837 2293 plus
882 2218 1023 2276 mihi
1070 2218 1281 2278 debere
1325 2237 1503 2296 quam
1545 2228 1610 2280 ut
1647 2227 1882 2296 praesto
1920 2206 2109 2290 ‘esses
2151 2236 2300 2297 quo-

419 2314 693 2390 niamque
740 2332 856 2390 ego
909 2315 1182 2391 proditus,
1230 2315 1517 2387 inductuS,
1566 2317 1865 2376 coniectus
1906 2316 1969 2374 in
2015 2315 2297 2389 fraudem,

419 2412 618 2469 omnia
638 2440 649 2451 ,
670 2429 803 2469 mea
856 2412 1143 2489 praesidia
1200 2412 1449 2489 neglexi,
1504 2424 1690 2473 totam
1744 2413 1972 2473 Italiam
2030 2411 2116 2494 [iu
2170 2412 2295 2495 me]

418 2519 671 2568 erectam
724 2510 801 2569 ad
852 2528 950 2569 me
1017 2509 1450 2570 defendendum
1517 2510 1750 2571 destitui
1816 2521 1876 2572 et
1925 2510 2147 2588 reliqui,
2202 2531 2300 2572 me

416 2624 702 2684 meosque
734 2607 881 2667 meis
918 2608 1128 2668 tradidi
1164 2608 1413 2668 inimicis
1449 2608 1811 2686 inspectante
1852 2618 1912 2668 et
1951 2619 2179 2668 tacente
2222 2620 2299 2682 te,

419 2706 537 2782 qui,
566 2707 615 2765 si
641 2723 765 2766 non
792 2705 924 2784 plus
951 2705 1186 2782 ingenio
1213 2705 1445 2766 valebas
1478 2724 1658 2783 quam
1697 2725 1831 2784 eg0,
1859 2717 2013 2767 certe
2052 2708 2301 2768 timebas

418 2804 644 2863 minus:
707 2804 756 2863 si
803 2814 990 2881 potes,
1032 2804 1190 2880 erige
1230 2803 1496 2863 adflictos
1533 2815 1590 2864 et
1629 2805 1691 2863 in
1732 2822 1805 2865 eo
1846 2823 1960 2864 nos
2000 2804 2166 2880 iuva;
2209 2806 2301 2865 sin

420 2903 622 2960 omnia
669 2910 802 2961 sunt
843 2904 1155 2975 obstructa,
1208 2902 1273 2960 id
1314 2901 1509 2979 ipsum
1545 2901 1641 2961 fac
1683 2911 1750 2960 ut
1793 2903 2045 2963 sciamus
2094 2912 2153 2962 et
2185 2921 2300 2964 nos

421 2999 733 3075 aliquando
788 3010 886 3059 aut
938 3001 1245 3076 obiurgare
1299 3009 1400 3059 aut
1454 2999 1695 3059 comiter
1741 2999 2031 3059 consolari
2080 3001 2299 3061 desine.

416 3095 557 3173 Ego
585 3095 635 3155 si
660 3105 821 3154 tuam
860 3097 1037 3156 fidem
1076 3115 1431 3170 accusarem,
1474 3116 1600 3157 non
1636 3115 1736 3156 me
1776 3098 2145 3174 potissimum
2185 3099 2300 3158 tuis

419 3194 586 3254 tectis
613 3195 949 3254 crederem:
988 3213 1186 3256 meam
1211 3197 1525 3256 amentiam
1555 3214 1788 3267 aecum,
1815 3196 1979 3272 qnod
2004 3215 2041 3254 a
2080 3206 2139 3254 te
2171 3206 2299 3254 tan-

421 3302 545 3350 tum
599 3311 681 3351 me
735 3294 930 3365 amari,
971 3303 1268 3370 ,quantum
1324 3312 1439 3373 ego
1485 3294 1709 3367 Vellem,
1753 3294 1980 3371 putavi3
2044 3293 2207 3371 quod
2249 3295 2299 3354 si

423 3389 639 3462 fuisset,
680 3390 857 3450 fidem
899 3392 1169 3464 eandem,
1208 3409 1409 3453 curam
1454 3392 1736 3471 maiorem
1783 3391 2160 3468 adhibuisses,
2201 3411 2299 3454 me
