2642 3925
298 264 385 327 Ep,
415 260 494 327 76,
524 243 631 337 η]
724 260 949 310 EPIST.
995 262 1094 310 AD
1134 262 1583 313 FAMILIARES
1624 264 1720 311 tx.
1755 268 1815 335 9.
2066 262 2187 333 175

296 412 553 476 officium
590 410 895 487 neglexisti
934 430 1124 490 neque
1162 411 1302 471 mihi
1344 411 1701 472 consuluisti.
1786 410 1997 488 Neque
2038 411 2186 470 haec

298 511 450 581 dico,
494 510 656 587 quod
699 509 954 569 diffidam
997 511 1129 570 huic
1171 528 1398 580 causae,
1442 511 1546 570 sed
1589 510 1759 570 crede
1801 509 1958 581 mihi,
2002 509 2187 585 perire

297 609 477 667 satius
525 618 612 666 est
655 625 831 683 quam
876 607 987 667 hos
1027 608 1234 667 videre.
1334 628 1387 667 2.
1438 606 1618 680 Quod
1662 609 1710 666 si
1752 608 1925 666 timor
1966 616 2186 666 vestrae

298 705 651 766 crudelitatis
693 723 816 762 non
857 714 1023 776 esset,
1067 705 1232 764 eiecti
1271 704 1391 763 iam
1431 705 1658 781 pridem
1698 704 1835 763 hinc
1883 721 2185 777 essemus;

297 822 438 862 nam
467 803 560 862 hic
587 823 744 864 nunc
771 815 997 881 praeter
1024 804 1410 864 faeneratores
1451 822 1672 880 paucos
1707 823 1817 864 nec
1855 804 2038 864 homo
2075 823 2186 865 nec

298 902 449 959 ordo
470 901 777 979 quisquam
805 912 894 960 est
921 902 1032 960 nisi
1058 901 1469 978 Pompeianus,
1538 900 1830 979 Equidem
1860 902 1976 960 iam
1997 902 2184 973 effeci,

298 1009 362 1056 ut
391 999 644 1057 maxime
673 999 840 1076 plebs
868 1010 942 1070 et,
971 1000 1072 1076 qui
1111 1008 1283 1058 antea
1319 1010 1519 1058 noster
1558 999 1678 1068 fuit,
1708 999 1960 1076 populus
1998 1008 2184 1059 vester

298 1107 470 1154 esset.
536 1101 550 1126 ‘
570 1094 690 1154 Cur
717 1094 895 1155 hoc?’
924 1096 1130 1173 inquis.
1217 1094 1412 1154 Immo
1439 1095 1658 1172 reliqua
1686 1106 2049 1173 exspectate;
2077 1104 2184 1156 vos

299 1194 510 1252 invitos
550 1194 775 1252 vincere
826 1211 1094 1269 coegero,
1185 1191 1396 1253 Geram
1439 1193 1679 1251 alterum
1721 1212 1818 1251 me
1861 1191 2182 1252 Catonem:

296 1308 406 1349 vos
435 1291 712 1362 dormitiS,
738 1310 926 1369 neque
957 1292 1146 1349 adhuc
1175 1291 1314 1349 mihi
1338 1290 1607 1349 videmini
1636 1291 1983 1366 intellegere,
2006 1309 2184 1368 quam

300 1406 412 1448 nos
441 1398 744 1464 pateamus
770 1399 829 1448 et
857 1407 1036 1466 quam
1063 1390 1244 1448 simus
1272 1388 1559 1448 imbecilli.
1615 1389 1811 1465 Atque
1838 1389 1952 1448 hoc
1976 1390 2185 1448 nullius

301 1488 541 1563 praemii
584 1505 689 1564 spe
730 1488 957 1557 faciam,
990 1487 1110 1556 sed,
1140 1487 1301 1563 quod
1345 1485 1500 1562 apud
1543 1504 1640 1544 me
1680 1485 1991 1562 plurimum
2035 1487 2184 1547 solet

301 1584 506 1655 valere,
526 1584 743 1643 doloris
770 1594 945 1659 atque
973 1583 1327 1660 indignitatis
1356 1601 1547 1643 causa.
1618 1583 1778 1657 Quid
1806 1584 1931 1663 istic
1959 1585 2184 1645 facitis?

301 1689 588 1768 proelium
629 1690 989 1766 exspectatis,
1020 1689 1180 1766 quod
1219 1689 1611 1748 firmissimum
1651 1689 1863 1749 habet?
1944 1691 2184 1752 Vestras

302 1790 505 1865 copias
545 1806 669 1848 non
710 1788 878 1861 novi3
920 1787 1105 1847 nostri
1142 1786 1307 1847 valde
1344 1789 1679 1865 depugnare
1708 1797 1767 1847 et
1793 1788 1962 1849 facile
1988 1790 2185 1868 algere

300 1899 361 1946 et
387 1887 599 1946 esurire
628 1895 997 1945 consuerunt.

728 2049 823 2104 77.
880 2043 996 2102 AD
1031 2043 1533 2103 FAMILIARES
1570 2044 1676 2102 1x.
1708 2063 1765 2120 9.

411 2148 540 2212 Scn.
580 2160 645 2212 'm
687 2155 974 2217 CAR-,smus
1013 2175 1246 2220 cas‘rms
1285 2175 1475 2216 MENSE
1518 2155 1682 2215 Maro
1724 2175 1891 2218 aare.
1919 2160 2056 2234 706.
2154 2168 2167 2181 ·

818 2283 1174 2325 DOLABELLA
1212 2282 1256 2324 s,
1285 2283 1340 2324 n
1372 2283 1655 2325 cronnom.

388 2401 440 2442 1.
483 2380 541 2441 S.
572 2399 627 2439 v.
655 2399 708 2440 o.
739 2399 793 2439 v.
824 2389 882 2440 et
916 2379 1109 2438 Tullia
1149 2391 1352 2438 nostra
1387 2389 1542 2439 recte
1583 2399 1634 2439 ν.
1674 2379 1951 2440 Terentia
1989 2384 2184 2444 minus

297 2480 450 2540 belle
477 2480 691 2550 habuit,
717 2478 819 2538 sed
847 2487 1068 2537 certum
1097 2478 1226 2536 scio
1247 2479 1364 2536 iam
1393 2479 1753 2538 convaluisse
1775 2498 1925 2538 eam.
2008 2480 2184 2541 Prae-

297 2588 457 2638 terea
483 2578 798 2637 rectissime
827 2586 962 2635 sunt
988 2576 1146 2651 apud
1173 2585 1228 2634 te
1267 2576 1481 2634 omnia.
1563 2576 1686 2635 Etsi
1726 2577 1884 2636 nullo
1923 2588 2183 2655 tempore

296 2677 361 2736 in
409 2677 791 2754 suspitionem
839 2674 942 2733 tibi
991 2674 1165 2733 debui
1211 2673 1406 2733 venire
1454 2674 1709 2751 partium
1758 2693 1936 2733 causa
1988 2677 2182 2753 potius

297 2792 476 2850 quam
526 2785 626 2833 tua
672 2773 773 2832 tibi
821 2771 1077 2843 suadere,
1121 2781 1184 2830 ut
1230 2779 1288 2829 te
1339 2782 1436 2829 aut
1490 2788 1624 2829 curn
1680 2769 1930 2829 Caesare
1984 2773 2182 2831 nobis-

299 2890 551 2948 cumque
580 2872 964 2945 coniungeres
993 2879 1093 2927 aut
1120 2878 1273 2927 certe
1301 2868 1366 2925 in
1392 2868 1574 2926 otium
1596 2865 1851 2937 referres,
1872 2870 2180 2947 praecipue

297 2990 457 3031 nunc
496 2968 919 3029 iam-inclinata
953 2967 1208 3036 victoria,
1237 2985 1311 3025 ne
1349 2984 1590 3042 possum
1629 2965 1864 3041 quidem
1903 2966 1964 3023 in
2005 2967 2181 3026 ullam

301 3070 473 3129 aliam
502 3068 756 3127 incidere
785 3065 1123 3142 opinionem
1160 3063 1270 3122 nisi
1307 3065 1367 3122 in
1407 3081 1554 3132 eam,
1585 3063 1644 3120 in
1672 3080 1789 3138 qua
1826 3064 2042 3123 scilicet
2081 3066 2181 3124 tibi

302 3166 544 3225 suadere
572 3164 783 3235 videar,
813 3162 973 3239 quod
1001 3162 1096 3238 pie
1124 3172 1312 3220 tacere
1342 3178 1464 3241 non
1492 3160 1744 3235 possim:
1777 3169 1839 3217 tu
1867 3171 2076 3230 autem,
2099 3162 2180 3219 mi

302 3262 528 3331 Cicero,
548 3262 630 3320 sic
659 3260 804 3318 haec
833 3259 1098 3336 accipies,
1119 3269 1199 3327 ut,
1218 3257 1337 3316 sive
1364 3258 1761 3333 probabuntur
1783 3257 1886 3314 tibi·
1912 3257 2030 3316 sive
2057 3274 2181 3316 non

301 3360 719 3438 probabuntur,
741 3357 817 3416 ab
845 3357 1069 3433 optimo
1099 3366 1254 3414 certe
1282 3356 1479 3415 animo
1506 3373 1578 3413 ac
1606 3354 1966 3413 deditissimo
1993 3355 2093 3413 tibi
2122 3365 2181 3414 et

301 3458 555 3535 cogitata
609 3467 666 3514 et
721 3455 931 3532 scripta
985 3472 1112 3512 esse
1167 3452 1402 3512 iudices.
1504 3470 1554 3510 2.
1605 3450 2025 3512 Animadvertis
2068 3451 2178 3512 Cn.
