2642 3925
439 274 564 342 252
1007 269 1087 324 Μ.
1137 271 1379 324 ruma!
1416 271 1793 322 cmmoms
1956 335 1975 346 ,
2104 257 2242 342 [Pars
2271 271 2337 320 ν.

437 440 571 481 cum
611 421 682 480 iis
723 431 950 482 tantum
992 424 1212 500 negotii
1247 433 1356 496 est,
1391 435 1459 484 ut
1494 434 1749 484 vestrum
1789 420 1930 481 illud
1973 419 2230 481 divinum
2274 421 2337 479 in

435 537 560 578 rem
603 519 895 595 publicam
936 522 1286 581 beneficium
1328 541 1453 580 non
1493 521 1713 580 nullam
1762 520 1978 578 habeat
2019 519 2335 595 querelam.

437 615 619 688 Quod
659 635 797 676 vero
831 636 868 676 a
909 627 984 690 te,
1017 619 1158 678 viro·
1174 621 1421 696 optim0,
1450 619 1724 678 seductus
1766 626 1855 677 est
1895 629 2114 693 tuoque
2156 617 2339 676 bene-

438 715 571 774 ficio
619 714 811 774 adhuc
859 715 992 775 vivit
1039 716 1185 775 haec
1235 717 1434 794 pestiS,
1470 715 1785 785 interdum,
1836 715 1999 792 quod
2048 715 2191 772 mihi
2240 713 2339 772 vix

435 812 526 872 sas
561 823 666 883 est,
697 812 799 870 tibi
839 813 1195 873 subirascor:
1237 814 1380 872 mihi
1416 815 1575 872 enim
1617 813 1838 889 negotii
1879 813 2013 889 plus
2055 811 2339 888 reliquisti

435 910 538 969 uni
578 928 756 986 quam
798 921 1025 986 praeter
1067 929 1165 970 me
1208 911 1499 970 omnibus,
1582 909 1666 969 Ut
1704 910 1862 968 enim
1902 910 2157 985 primum
2198 918 2341 984 post

436 1008 680 1067 Antonii
743 1008 1145 1068 foedissimum
1209 1009 1530 1068 discessum
1596 1018 1834 1068 senatus
1895 1008 2097 1066 haberi
2159 1008 2339 1066 libere

435 1107 641 1184 potuit,
684 1106 760 1164 ad
800 1106 960 1164 illum
1000 1107 1261 1164 animum
1301 1125 1501 1164 meum
1543 1107 1749 1164 reverti
1789 1106 2113 1183 pristinum,
2157 1122 2342 1180 quem

437 1216 501 1263 tu
530 1222 665 1264 cum
693 1203 802 1262 civi
839 1205 1139 1274 acerrimO,
1168 1214 1335 1280 patre
1378 1215 1497 1275 tuo,
1525 1203 1586 1261 in
1624 1221 1726 1262 ore
1764 1215 1824 1262 et
1861 1221 2061 1261 amore
2102 1221 2341 1279 semper

435 1301 700 1361 habuisti.
812 1319 866 1360 a.
908 1299 1066 1358 Nam
1121 1319 1258 1359 cum
1315 1312 1584 1360 senatum
1639 1320 1692 1360 a.
1742 1301 1799 1360 d.
1852 1319 1973 1360 xm.
2032 1300 2342 1360 Kalendas

438 1400 737 1460 Ianuarias
778 1399 989 1457 tribuni
1031 1399 1110 1476 pl.
1144 1400 1508 1457 vocavissent
1550 1399 1741 1474 deque
1783 1399 1893 1457 alia
1932 1417 1996 1456 re
2037 1399 2341 1470 referrent,

437 1507 620 1556 totam
674 1515 800 1556 rem
852 1497 1147 1574 publicam
1201 1514 1333 1554 sum
1388 1496 1730 1573 complexus
1784 1496 1996 1572 egique
2052 1497 2340 1554 acerrime

437 1604 818 1670 senatumque
868 1595 984 1652 iam
1028 1593 1403 1669 languentem
1450 1603 1509 1652 et
1558 1593 1853 1652 defessum
1902 1593 1979 1652 ad
2029 1594 2340 1670 pristinam

436 1693 702 1751 virtutem
744 1692 1346 1767 consuetudinemque
1389 1693 1651 1750 revocavi
1694 1693 1883 1766 magis
1927 1691 2107 1750 animi
2151 1709 2338 1767 quam

440 1791 658 1866 ingenii
694 1791 926 1848 viribus,
1009 1789 1127 1848 Hic
1165 1789 1288 1847 dies
1331 1806 1579 1866 meaque
1620 1789 1919 1847 contentio
1961 1803 2138 1864 atque
2180 1789 2337 1848 actio

441 1907 608 1968 spem
648 1889 900 1967 primum
941 1887 1163 1965 populo
1205 1886 1483 1944 Romano
1525 1886 1707 1944 attulit
1749 1886 2021 1944 libertatis
2064 1904 2339 1964 recuper-

441 1989 663 2059 andae3
705 2006 817 2049 nec
857 2006 996 2047 vero
1036 1988 1162 2063 ipse
1200 1995 1409 2062 postea
1447 1995 1677 2060 tempus
1718 1985 1898 2042 ullum
1939 1985 2224 2043 intermisi
2259 1984 2339 2043 de

441 2106 503 2146 re
567 2085 800 2163 publica
861 2103 984 2144 non
1050 2083 1346 2160 cogitandi
1408 2082 1618 2152 solum,
1684 2082 1793 2141 sed
1854 2082 2030 2141 etiam
2098 2082 2334 2157 agendi.

447 2204 500 2259 3.
544 2183 725 2256 Quod
757 2184 868 2241 nisi
910 2201 1002 2241 res
1041 2184 1289 2240 urbanas
1336 2190 1580 2255 actaque
1619 2181 1829 2237 omnia
1877 2180 1954 2237 ad
1993 2189 2052 2237 te
2094 2177 2339 2255 perferri

444 2282 761 2350 arbitrarer,
804 2281 930 2356 ipse
977 2280 1413 2356 perscriberem,
1456 2293 1814 2352 quamquam
1855 2295 2014 2335 eram
2062 2277 2338 2336 maximis

441 2378 922 2453 occupationibus
963 2377 1291 2453 impeditus,
1380 2373 1497 2432 Sed
1539 2374 1635 2432 illa
1676 2392 2004 2451 cognosces
2047 2392 2123 2432 ex
2173 2374 2334 2446 aliis;

441 2497 480 2537 a
516 2496 612 2535 me
645 2493 851 2551 pauca,
881 2484 937 2533 et
973 2492 1043 2533 ea
1079 2472 1446 2533 summatim:
1489 2471 1772 2529 habemus
1804 2471 2013 2529 fortem
2032 2481 2336 2543 senatum,

441 2573 775 2635 consulares
803 2572 1013 2648 partim
1042 2569 1292 2641 timidos,
1324 2567 1535 2645 partim
1563 2569 1714 2626 male
1744 2569 2075 2627 sentientes,
2161 2568 2337 2645 Mag-

442 2690 585 2731 num
629 2669 908 2728 damnum
951 2670 1169 2728 factum
1209 2678 1298 2728 est
1345 2669 1407 2726 in
1453 2664 1668 2725 Servio.
1750 2666 1819 2725 L.
1850 2665 2070 2726 Caesar
2110 2668 2339 2744 optime

443 2771 631 2841 sentit,
661 2768 781 2841 sed,
811 2768 972 2845 quod
1013 2766 1331 2826 avunculus
1370 2776 1475 2837 est,
1508 2784 1631 2825 non
1671 2766 1979 2823 acerrimas
2022 2765 2161 2824 dicit
2204 2783 2339 2824 sen-

443 2868 668 2927 tentias,
753 2864 1038 2926 Consules
1081 2865 1329 2941 egregii;
1381 2864 1709 2942 praeclarus
1753 2861 1828 2921 D.
1858 2862 2111 2934 Brutus;
2170 2881 2339 2939 egre·

444 2968 575 3043 gius
617 2982 762 3041 puer
804 2963 1036 3034 Caesar,
1068 2964 1142 3021 de
1183 2980 1302 3038 quo
1346 2979 1517 3038 spero
1560 2961 1847 3042 equidem¹
1872 2961 2107 3037 reliqua.
2196 2960 2341 3022 Hoc

444 3080 581 3121 vero
620 3073 841 3120 certum
873 3060 1103 3131 habet0,
1132 3060 1243 3117 nisi
1281 3056 1374 3117 ille
1408 3068 1711 3117 veteranos
1745 3058 2003 3117 celeriter
2038 3059 2341 3136 conscrip-

447 3162 615 3220 sisset
660 3159 1036 3234 legionesque
1085 3158 1234 3215 duae
1279 3156 1353 3215 de
1396 3157 1652 3215 exercitu
1695 3156 1963 3215 Antonii.
1984 3153 2060 3213 ad
2104 3156 2231 3214 eius
2275 3175 2340 3216 se

447 3257 846 3314 auctoritatem
885 3255 1264 3312 contulissent
1306 3264 1479 3330 atque
1520 3255 1569 3313 is
1606 3253 1913 3329 oppositus
1955 3262 2109 3311 esset
2148 3263 2339 3313 terror

447 3352 724 3420 Antonio,
765 3350 906 3407 nihil
946 3351 1269 3409 Antonium
1312 3352 1557 3422 sceleriS,
1595 3350 1739 3408 nihil
1775 3350 2123 3418 crudelitatis
2166 3369 2339 3427 prae·

447 3448 745 3505 teriturum
785 3446 975 3532 fuisse.
1059 3446 1228 3506 Haec
1269 3448 1390 3520 tibi,
1433 3449 1539 3509 etsi
1590 3448 1784 3507 audita
1824 3465 1954 3508 esse
1996 3448 2335 3523 arbitrabar,
