2642 3925
363 290 450 353 Ep.
477 273 592 370 ιφ]
778 286 1010 339 EPIST..
1049 285 1151 334 AD
1191 285 1639 339 FAMILIARES
1680 288 1730 339 1.
1778 294 1838 358 9.
2169 275 2249 355 8‘3

364 457 487 499 non
542 438 731 498 solum
764 438 1083 508 confitear,
1141 438 1246 496 sed
1301 438 1477 496 etiam
1534 438 1839 512 gaudeam.
1931 456 2020 514 19.
2067 436 2250 510 Quod

363 536 643 613 quoniam
693 534 794 593 tibi
851 536 1114 612 exposui,
1164 534 1352 598 facilia
1409 545 1543 594 sunt
1598 553 1685 606 ea,
1736 552 1884 611 quae
1941 553 1977 593 a
2032 553 2126 595 me
2177 536 2250 595 de

361 632 598 692 Vatinio
653 642 712 691 et
768 633 841 692 de
897 631 1117 692 Crasso
1169 634 1445 713 requiris3
1512 651 1650 690 nam
1706 632 1780 691 de
1835 633 2032 709 Appio
2090 634 2251 710 quod

364 731 564 790 scribis
592 730 760 790 sicuti
788 730 862 792 de
892 728 1141 793 Caesare
1169 741 1225 788 te
1255 748 1377 789 non
1416 729 1852 807 reprehendere,
1881 731 2111 805 gaudeo
2150 731 2253 788 tibi

365 828 670 888 consilium
726 828 957 905 probari
1006 845 1221 886 meum.
1305 828 1400 887 De
1448 828 1686 886 Vatinio
1741 838 1952 901 autem,
1998 828 2249 904 primum

365 928 580 986 reditus
622 927 1024 985 intercesserat
1062 926 1122 982 in
1165 927 1407 999 gratiam
1444 945 1549 1002 per
1574 927 1938 1002 Pompeium,
1968 927 2160 985 statim
2189 939 2251 986 ut

369 1024 459 1083 ille
500 1034 731 1101 praetor
774 1033 861 1082 est
902 1022 1103 1093 factuS,
1134 1041 1277 1081 cum·
1312 1009 1550 1099 quidem
1590 1041 1706 1100 ego
1749 1023 1873 1082 eius
1913 1024 2256 1101 petitionem

364 1122 715 1198 gravissimis
743 1121 805 1178 in
845 1131 1049 1179 senatu
1090 1121 1387 1180 sententiis
1429 1139 1883 1197 oppugnassem‚
1913 1130 2102 1198 neque
2134 1132 2260 1188 tam

365 1220 512 1278 illius
569 1218 836 1279 laedendi
892 1237 1068 1277 causa
1134 1236 1310 1294 quam
1369 1219 1717 1278 defendendi
1774 1231 1949 1296 atque
2004 1221 2257 1278 ornandi-

368 1318 625 1378 Catonis.
711 1318 852 1376 Post
879 1326 1074 1375 autem
1102 1315 1385 1386 Caesarie,
1416 1328 1479 1375 ut
1506 1318 1664 1376 illum
1695 1318 2082 1383 defenderem,
2111 1319 2256 1377 mira

368 1416 663 1475 contentio
691 1426 778 1473 est
814 1425 1143 1473 consecuta.
1230 1413 1349 1474 Cur
1389 1428 1583 1474 autem
1621 1418 1918 1489 laudarim,
1948 1428 2087 1495 peto
2115 1434 2150 1474 a
2177 1429 2262 1489 te,

365 1524 430 1573 ut
456 1514 515 1572 id
545 1532 580 1572 a
606 1531 702 1570 me
732 1530 876 1570 neve
905 1513 965 1571 in
1003 1512 1117 1570 hoc
1154 1530 1254 1570 reo
1296 1532 1443 1571 neve
1483 1516 1545 1572 in
1587 1515 1710 1574 aliis
1747 1516 2019 1591 requiras,
2048 1529 2122 1575 ne
2151 1516 2263 1574 tibi»

368 1629 482 1686 ego
531 1611 685 1669 idem
734 1627 1034 1685 reponam,
1087 1629 1221 1669 cum
1265 1613 1526 1671 veneris:
1587 1616 1813 1672 tametsi
1872 1631 2113 1689 possum
2168 1613 2257 1672 vel

370 1710 591 1769 absenti
608 1728 624 1781 3
675 1707 979 1767 recordare
1023 1709 1197 1778 enim,
1241 1710 1452 1783 quibus
1493 1709 1885 1770 laudationem
1928 1730 2001 1770 ex
2043 1712 2258 1771 ultimis

371 1808 533 1865 terris
588 1807 827 1866 miseris
913 1804 1041 1864 Nec
1085 1806 1202 1865 hoc
1245 1808 1646 1883 pertimueris;
1715 1826 1853 1866 nam
1901 1826 1938 1868 a
1981 1827 2080 1867 me
2126 1810 2257 1886 ipso

373 1906 677 1989 laudantur
712 1914 772 1965 et
818 1903 1202 1964 laudabuntur
1239 1902 1504 1983 iidem.)
1520 1905 1637 1964 Sed
1671 1916 1867 1966 tamen
1910 1906 2261 1968 defendendi

374 2002 594 2061 Vatinii
634 2003 740 2063 fuit
788 2004 962 2063 etiam
1002 2003 1097 2060 ille
1145 2003 1425 2073 stimulus,
1471 2003 1543 2062 de
1587 2019 1707 2080 quo
1748 2005 1808 2062 in
1848 2004 2077 2075 iudicio,
2122 2024 2256 2065 cum

377 2101 537 2159 illum
555 2101 942 2173 defenderem,
956 2101 1074 2159 dixi
1090 2119 1188 2158 me
1204 2099 1392 2159 facere
1403 2100 1698 2177 quiddam,
1709 2101 1869 2178 quod
1890 2103 1951 2160 in
1967 2102 2260 2166 Eunucho

378 2204 661 2274 parasitus
689 2199 957 2259 suaderet
983 2198 1183 2258 militi:

770 2350 848 2396 ubi
881 2348 1141 2396 nominabit
1175 2346 1460 2404 Phaedriam,
1495 2357 1546 2396 tu
1579 2346 1865 2410 Pamphilam

769 2433 1004 2480 continuo.
1074 2430 1119 2478 Si
1153 2429 1339 2492 quando
1370 2430 1445 2478 illa
1478 2431 1599 2479 dicet
1631 2416 1930 2483 ‘Phaedriam
2021 2444 2026 2448 '
2071 2419 2075 2425 ¹

771 2515 890 2560 intro
922 2514 1162 2560 mittamus
1193 2513 1523 2567 comissatum,'
1556 2513 1842 2576 Pamphilam

772 2603 1014 2642 cantatum
1051 2609 1368 2655 provocemus.
1438 2594 1483 2641 Si
1515 2596 1718 2642 laudabit
1750 2595 1864 2645 haec

773 2676 893 2724 illius
929 2676 1143 2732 formam,
1176 2685 1226 2723 tu
1261 2675 1396 2724 huius
1428 2687 1614 2733 contra;
1650 2680 1847 2740 denique

772 2773 853 2820 par
884 2772 970 2820 pro
1001 2758 1099 2820 pari
1131 2759 1314 2812 referto,
1347 2759 1471 2820 quod
1502 2775 1605 2806 eam
1639 2762 1863 2809 mordeat.

393 2891 474 2951 sic
499 2889 674 2967 pet-ivi
700 2908 737 2948 a
763 2890 1048 2949 iudicibus
1074 2901 1156 2961 ut,
1178 2891 1458 2966 quoniam
1485 2890 1723 2968 quidam
1752 2890 1978 2950 nobiles
2004 2889 2270 2951 homines

389 2999 446 3048 et
485 2988 558 3048 de
599 3007 695 3047 me
739 2988 958 3066 optime
999 2988 1185 3046 meriti
1227 2989 1401 3046 nimis
1440 2999 1700 3046 amarent
1741 2988 2037 3067 inimicum
2074 3006 2270 3047 meum

391 3105 601 3163 meque
657 3087 1018 3163 inspectante
1075 3104 1249 3162 saepe
1305 3104 1440 3144 eum
1488 3086 1550 3142 in
1597 3096 1803 3145 senatu
1846 3087 2028 3146 modo
2058 3089 2274 3166 ¹severe

398 3173 756 3256 seducerent,
785 3184 969 3243 modo
1006 3183 1354 3242 familiariter
1390 3194 1561 3259 atque
1589 3183 1766 3243 hilare
1793 3185 2272 3261 amplexarentur,

395 3284 786 3360 quoniamque
820 3282 901 3341 illi
934 3280 1213 3341 haberent
1246 3289 1419 3340 suum
1451 3281 1733 3354 Publium,
1764 3281 1965 3342 darent
1991 3284 2130 3343 mihi
2157 3285 2269 3361 ipsi

395 3381 571 3440 alium
600 3379 883 3452 Publium,
901 3381 962 3439 in
984 3396 1105 3456 quo
1132 3397 1371 3455 possem
1399 3379 1626 3439 illorum
1654 3381 1883 3439 animos
1910 3382 2273 3444 mediocriter

393 3477 691 3555 lacessitus
718 3478 912 3541 leviter
939 3496 1297 3556 repungereJ,
1339 3497 1530 3557 neque
1563 3479 1754 3539 solum
1775 3480 1927 3551 -dixi,
1957 3478 2069 3538 sed⁴
2097 3482 2272 3541 etiam

1274 3595 1314 3636 G
1353 3596 1383 3635 2
