2642 3925
429 262 458 306 1
471 241 553 313 28
667 278 672 282 ·
967 255 1045 305 M.
1097 256 1339 306 TULLH
1378 258 1583 307 cmm
1592 260 1764 309 oms
1835 321 1842 326 θ
2051 249 2187 334 [Pars
2217 266 2309 316 111.

421 411 868 473 concedendum
928 423 1132 489 putant
1190 412 1442 488 Caesari.
1478 440 1484 445 ·
1542 416 1712 477 Haec
1769 427 1834 478 tu
1890 418 2031 478 mihi
2086 423 2314 497 explica

421 512 616 591 qualia
655 512 788 571 sint.
879 526 933 585 5.
975 511 1109 587 Ego
1164 514 1405 588 negotio
1454 532 1727 590 praesum
1776 535 1899 576 non
1945 519 2275 581 turbulento
2291 540 2318 593 ;

423 610 542 669 volt
570 610 726 667 enim
761 627 858 668 me
885 608 1202 684 Pompeius
1235 605 1395 683 esse,
1423 630 1602 688 quem
1639 623 1762 673 tota
1802 613 1948 673 haec
1986 614 2313 694 Campania

421 718 479 766 et
500 706 785 764 maritima
813 724 917 765 ora
943 706 1158 765 habeat.
1181 710 1479 780 ἐπίσκοπον,
1500 709 1578 767 ad
1594 728 1775 786 quem
1799 710 2038 771 dilectus
2067 724 2126 773 et
2153 709 2315 775 sum‘-

419 823 520 863 ma
559 804 780 879 negotii
820 803 1097 862 referatur
1111 823 1129 876 ;
1171 806 1367 882 itaque
1398 825 1575 882 vagus
1613 825 1743 866 esse
1781 791 2133 885 cogitabam.
2217 816 2311 873 Te

418 914 564 978 puto
614 903 730 959 iam
774 901 984 972 videre,
1034 920 1186 979 quae
1241 904 1316 962 sit
1362 906 1494 979 ὁρμὴ
1554 904 1837 977 CaesariS,
1889 908 1990 985 qui
2037 911 2312 986 popquS,

420 1001 520 1076 qui
572 1000 749 1058 totius
802 1000 1025 1074 negotii
1073 1010 1295 1059 status:
1351 1019 1425 1060 ea
1463 1002 1635 1059 velim
1691 1006 1911 1066 scribas
1965 1005 2041 1065 ad
2096 1026 2212 1081 me,
2251 1019 2312 1069 et

421 1097 675 1175 quidem,
718 1097 998 1173 quoniam
1037 1098 1337 1156 mutabilia
1377 1108 1530 1168 sunt,
1569 1118 1752 1176 quam
1793 1103 2136 1186 saepissime
2150 1121 2171 1178 ς
2210 1124 2312 1168 ac-

423 1197 662 1273 quiesco
692 1194 850 1253 enim
879 1204 938 1253 et
961 1193 1224 1253 scribens
1249 1194 1327 1256 ad
1356 1205 1413 1254 te
1440 1205 1499 1255 et
1519 1196 1719 1271 legens
1747 1207 1864 1259 tua.

847 1380 941 1435 48.
1025 1375 1142 1436 AD
1185 1374 1573 1436 ATTICUM
1613 1375 1754 1437 VII.
1804 1395 1893 1454 13.

494 1491 629 1553 Sca.
670 1489 929 1551 emus
968 1508 1068 1550 vn.
1113 1490 1439 1550 KALENDAS
1480 1490 1852 1553 FEBRumAs
1891 1511 2059 1555 mue.
2103 1508 2242 1574 705.

1046 1605 1255 1647 emano
1297 1605 1513 1647 unco
1551 1606 1680 1652 SAL.

508 1712 559 1754 1.
604 1692 704 1753 DE
744 1692 1152 1751 Vennonianis
1205 1692 1383 1751 rebus
1437 1693 1540 1750 tibi
1593 1696 1896 1755 assentior.
1979 1695 2310 1762 Labienum

418 1794 558 1865 ἥρωα
596 1791 826 1861 iudico;
869 1791 1094 1850 facinus
1134 1791 1254 1850 iarn
1309 1790 1411 1849 diu
1450 1789 1674 1849 nullum
1719 1792 1887 1852 civile
1940 1796 2311 1870 praeclarius,

417 1890 536 1969 qui,
562 1899 628 1950 ut
655 1889 814 1949 aliud
841 1889 999 1962 nihil,
1018 1888 1135 1948 hoc
1164 1897 1363 1947 tamen
1391 1886 1671 1965 profecit:
1713 1888 1873 1949 dedit
1901 1890 1979 1949 illi
2008 1892 2271 1953 dolorem
2286 1915 2304 1970 ;

418 1988 522 2047 sed
571 1987 746 2047 etiam
790 1987 867 2047 ad
912 2005 1202 2047 summam
1251 1986 1578 2062 profectum
1626 1987 1843 2063 aliquid
1888 1999 2051 2065 put0.
2122 1992 2312 2053 'Amo

414 2086 591 2144 etiam
621 2084 917 2158 Pisonem,
938 2086 1109 2144 cuius
1135 2085 1415 2145 iudicium
1455 2084 1529 2143 de
1564 2102 1785 2160 genero
1828 2087 2093 2163 suspicor
2118 2090 2307 2150 visum

417 2182 484 2241 iri
523 2201 719 2258 grave.
801 2181 1181 2260 Quamquam
1226 2200 1420 2259 genus
1467 2182 1601 2241 belli
1643 2182 1808 2258 quod
1853 2185 1929 2245 sit
1974 2185 2166 2245 vides:
2228 2188 2311 2251 ita

414 2279 577 2339 civile
631 2290 736 2350 est,
785 2289 850 2337 ut
903 2297 1028 2338 non
1073 2298 1149 2338 ex
1190 2280 1403 2339 civium
1446 2279 1828 2352 dissensione,
1872 2283 1976 2340 sed
2018 2300 2092 2341 ex
2136 2284 2310 2344 unius

413 2376 621 2452 perditi
655 2376 793 2435 civis
827 2377 1069 2434 audacia
1106 2387 1308 2435 natum
1348 2378 1444 2437 sit.
1522 2377 1583 2435 Is
1624 2388 1817 2436 autem
1844 2379 1993 2438 valet
2032 2382 2306 2453 exercitu,

415 2483 575 2532 tenet
601 2473 816 2531 multos
845 2491 950 2549 spe
979 2484 1036 2532 et
1062 2475 1385 2551 promissiS,
1414 2477 1616 2534 omnia
1648 2476 1920 2534 omnium
1961 2478 2306 2553 concupivit.

415 2569 575 2629 Huic
603 2570 808 2628 tradita
835 2571 973 2635 urbs
1000 2581 1105 2639 est,
1135 2573 1294 2631 nuda
1318 2573 1632 2648 praesidiO,
1661 2572 1872 2630 referta
1899 2574 2120 2649 copiis:
2162 2574 2307 2651 quid

334 2684 339 2690 ·
412 2679 518 2741 est,
548 2668 709 2746 quod
736 2670 812 2727 ab
837 2686 915 2728 eo
957 2687 1075 2728 non
1116 2681 1360 2742 metuas,
1387 2673 1491 2748 qui
1522 2671 1617 2729 illa
1646 2670 1863 2747 templa
1903 2680 1964 2731 et
1990 2682 2142 2732 tecta
2179 2691 2306 2735 non

411 2768 676 2842 patriam,
707 2767 810 2825 sed
848 2767 1126 2844 praedam
1163 2769 1366 2844 putet?
1409 2768 1552 2845 quid
1591 2778 1789 2827 autem
1827 2769 1901 2827 sit
1941 2778 2170 2828 acturus
2208 2781 2308 2833 aut

412 2883 534 2942 quo
581 2864 784 2936 modo,
825 2866 1045 2936 nesci0,
1088 2865 1210 2924 sine
1264 2877 1492 2936 senatu,
1534 2865 1658 2924 sine
1712 2866 2171 2941 magistratibus:
2229 2887 2304 2928 ne

411 2963 683 3022 simulare
764 2962 1002 3038 quidem
1078 2964 1290 3038 poterit
1367 2963 1688 3040 quic-quam
1767 2967 2063 3024 πολιτικῶς.
2173 2965 2303 3026 Nos

412 3071 606 3118 autem
634 3059 737 3117 ubi
764 3077 1075 3135 exsurgere
1102 3061 1424 3135 poterimus
1451 3070 1553 3119 aut
1578 3060 1862 3137 quando?
1903 3079 2155 3137 quorum
2184 3063 2304 3127 dux

411 3174 592 3235 quam
618 3157 1018 3232 ἀστρατήγητος,
1050 3166 1112 3214 tu
1138 3174 1377 3234 quoque
1405 3156 1832 3228 animadvertis,
1862 3158 1957 3216 cui
1984 3176 2062 3216 ne
2090 3158 2305 3219 Picena

408 3255 653 3333 quidem
679 3263 824 3312 nota
848 3253 1076 3325 fuerint,
1103 3271 1280 3330 quam
1309 3241 1521 3313 autem·
1535 3254 1662 3313 sine
1699 3254 1961 3328 consilio,
1988 3273 2082 3314 res
2108 3257 2304 3319 testis:

409 3361 477 3409 ut
502 3351 660 3409 enim
695 3350 809 3409 alia
833 3350 1099 3409 omittam
1128 3351 1332 3410 decem
1377 3368 1667 3410 annorum
1692 3361 1954 3427 peccata,
1980 3370 2130 3428 quae
2160 3372 2306 3413 con·

411 3447 566 3507 dicio
608 3465 733 3507 non
759 3445 892 3507 huic
921 3447 1093 3524 fugae
1123 3449 1451 3527 praestitit?
1536 3468 1590 3517 z.
1633 3447 1692 3509 N
1694 3467 1764 3509 ec
1790 3467 1929 3508 vero
1969 3468 2128 3523 nunc
2161 3450 2304 3531 quid
