2642 3925
505 267 538 310 2
551 247 626 312 28
1037 259 1116 310 Μ.
1167 258 1407 308 TULLII
1450 259 1827 310 CICERONIS
2162 243 2300 332 [Pars
2328 261 2398 309 V.

503 437 681 489 meaS,
706 416 763 478 si
788 416 970 476 modo
999 426 1133 475 sunt
1161 416 1386 494 aliquae
1424 435 1607 489 meae,
1637 416 1839 476 laudes
1877 415 1953 475 ad
1980 425 2035 474 te
2063 415 2395 475 transfude-

501 515 628 587 rim,
657 533 835 592 quam
868 513 1119 590 aliquam
1146 524 1372 590 partem
1404 515 1767 574 exhauserim
1796 533 1872 574 ex
1899 514 2043 574 tuis:
2087 532 2227 572 nam
2255 532 2399 573 cum

499 625 557 672 te
626 631 857 691 semper
919 622 1150 672 tantum
1219 614 1538 685 dilexerim,
1596 623 1880 690 quantum
1936 622 2000 671 tu
2053 612 2397 689 intellegere

498 712 752 788 potuisti,
781 722 905 770 tum
934 710 1024 770 his
1053 712 1165 770 tuis
1193 711 1358 771 factis
1396 713 1480 771 sic
1508 713 1779 771 incensus
1820 729 1967 782 sum,
1998 720 2061 768 ut
2089 710 2230 769 nihil
2257 729 2395 770 um-

499 827 676 885 quam
722 810 784 868 in
837 826 1038 867 amore
1086 809 1255 868 fixerit
1302 809 1631 880 ardentius;
1697 809 1839 868 nihil
1889 819 1973 867 est
2021 809 2196 879 enim,
2245 808 2395 868 mihi

498 908 687 979 crede,
729 907 930 986 virt-ute
972 906 1300 978 formosius,
1345 907 1484 965 nihil
1524 907 1833 984 pulchrius,
1877 906 2019 965 nihil
2064 907 2391 965 amabilius,

501 1020 554 1078 5.
601 1003 842 1083 Semper
881 1006 1085 1077 amavi,
1117 1016 1179 1065 ut
1220 1006 1350 1075 scis,
1382 1004 1464 1062 M.
1498 1005 1743 1064 Brutum
1784 1015 2025 1082 propter
2065 1004 2189 1063 eius
2231 1022 2397 1064 sunr-

498 1121 662 1161 mum
689 1103 1005 1178 ingenium,
1027 1103 1400 1162 suavissimos
1427 1120 1638 1172 mores,
1664 1102 2016 1178 singularem
2038 1102 2396 1178 probitatem

499 1213 673 1276 atque
701 1201 1120 1260 constantiam:
1161 1212 1363 1260 tamen
1392 1201 1591 1259 Idibus
1620 1199 1849 1259 Martiis
1875 1210 2103 1260 tantum
2141 1200 2396 1259 accessit

500 1299 578 1358 ad
605 1316 882 1370 amorem,
907 1309 976 1357 nt
1011 1299 1248 1358 mirarer
1260 1299 1469 1358 >locum
1498 1299 1675 1358 fuisse
1713 1298 1965 1375 augendi
2000 1299 2063 1356 in
2103 1316 2195 1369 e0,
2226 1297 2396 1375 quod

499 1396 643 1456 mihi
667 1397 785 1454 iam
811 1397 1040 1472 pridem
1079 1397 1435 1456 cumulatum
1472 1398 1647 1456 etiam
1675 1397 1991 1456 videbatur.
2076 1394 2228 1468 Quis
2268 1407 2396 1455 erat

500 1494 600 1570 qui
648 1503 872 1570 putaret
927 1494 1004 1553 ad
1052 1513 1188 1554 eum
1243 1513 1525 1566 amorem,
1562 1513 1743 1571 quem
1786 1513 1928 1570 erga
1970 1504 2027 1552 te
2075 1493 2391 1563 habebam,

502 1610 680 1668 posse
695 1591 922 1669 'aliquid
955 1591 1274 1651 accedere?
1358 1593 1619 1651 Tantum
1657 1593 1917 1663 accessit,
1946 1601 2010 1650 ut
2047 1591 2189 1649 mihi
2229 1609 2393 1650 nunc

503 1691 752 1766 denique
793 1708 988 1748 amare
1030 1689 1240 1760 videar,
1283 1700 1459 1748 antea
1498 1689 1782 1750 dilexisse.
1868 1691 1923 1748 6.
1966 1688 2104 1761 Qua
2145 1707 2206 1747 re
2249 1688 2395 1765 quid

502 1799 592 1847 est
634 1787 802 1866 quod
849 1806 964 1864 ego
1006 1798 1064 1847 te
1106 1787 1316 1859 horter,
1359 1797 1422 1847 ut
1464 1787 1727 1863 dignitati
1768 1797 1828 1846 et
1868 1787 2087 1863 gloriae
2133 1787 2395 1846 servias?

502 1886 837 1964 Proponam
877 1886 981 1945 tibi
1021 1885 1208 1944 claros
1245 1885 1417 1958 viroS,
1447 1886 1607 1962 quod
1648 1885 1838 1944 facere
1880 1886 2087 1957 solent,
2118 1886 2217 1963 qui
2255 1884 2396 1944 hor-

501 1986 732 2045 tantur?
789 1985 1085 2044 neminem
1129 1984 1318 2043 habeo
1364 1983 1664 2043 clariorem
1712 2003 1889 2061 quam
1937 1995 1996 2044 te
2044 1985 2275 2061 ipsum3
2332 1995 2395 2043 te

503 2086 725 2144 imitere
759 2092 1015 2161 opor-tet,
1047 2094 1243 2144 tecum
1285 2084 1412 2159 ipse
1454 2093 1678 2143 certes:
1721 2102 1795 2141 ne
1836 2084 1967 2142 licet
2008 2084 2248 2160 quidem
2287 2084 2397 2143 tibi

503 2186 621 2243 iam
652 2183 825 2242 tantis
864 2183 1037 2241 rebus
1078 2181 1257 2258 gestis
1301 2198 1427 2239 non
1464 2182 1548 2242 tui
1590 2180 1835 2239 similem
1878 2199 2023 2240 esse.
2110 2194 2164 2255 7.
2209 2180 2397 2254 Quod

505 2299 641 2339 cum
663 2280 746 2338 ita
771 2280 860 2350 sit,
883 2278 1130 2338 hortatio
1159 2296 1282 2337 non
1311 2289 1401 2338 est
1424 2280 1769 2350 necessaria,
1792 2279 2176 2355 gratulatione
2203 2280 2397 2357 magis

505 2377 786 2438 utendum
838 2386 964 2436 est:
1033 2376 1278 2454 contigit
1334 2376 1493 2436 enim
1547 2377 1649 2434 tibi
1704 2376 1865 2453 quod
1919 2377 2077 2436 haud
2133 2377 2258 2435 scio
2316 2397 2397 2437 an

504 2476 742 2546 nemini,
783 2485 846 2533 ut
893 2494 1124 2533 summa
1171 2475 1441 2535 severitas
1484 2475 2003 2534 animadversionis
2043 2493 2168 2534 non
2209 2476 2397 2536 modo

505 2593 631 2635 non
675 2572 974 2643 invidiosa,
1021 2573 1125 2633 sed
1171 2573 1349 2633 etiam
1394 2573 1693 2650 ¹popularis
1738 2582 1891 2631 esset
1934 2583 1995 2632 et
2038 2591 2174 2632 cum
2216 2574 2397 2634 bonis

506 2672 780 2733 omnibus
821 2682 945 2730 tum
973 2671 1176 2730 infimo
1217 2671 1426 2748 cuique
1459 2672 1801 2746 gratissima.
1885 2670 2028 2730 Hoc
2071 2672 2120 2729 si
2148 2670 2252 2731 tibi
2280 2671 2404 2733 for-'

509 2785 651 2831 tuna
695 2770 952 2849 quadam
997 2770 1353 2845 contigisset,
1395 2768 1708 2845 gratularer
1755 2768 2007 2826 felicitati
2056 2777 2227 2842 tuae3
2293 2770 2401 2837 sed

509 2867 752 2943 contigit
783 2868 1184 2944 magnitudine
1223 2884 1361 2926 cum
1398 2866 1576 2925 animi
1606 2875 1731 2925 tum
1770 2866 1947 2925 etiam
1974 2867 2194 2941 ingenii
2222 2878 2400 2945 atque

511 2966 776 3039 consilii3
815 2965 931 3041 legi
960 2967 1116 3025 enim
1143 2965 1481 3025 contionem
1508 2975 1701 3024 tuam:
1745 2963 1885 3022 nihil
1912 2964 2009 3023 illa
2047 2966 2401 3041 sapientius;

511 3066 591 3124 ita
611 3064 1026 3141 pedetemptim
1052 3073 1112 3122 et
1137 3062 1425 3141 gradatim
1452 3072 1578 3121 tum
1608 3080 1880 3122 accessus
1907 3080 1945 3120 a
1970 3071 2028 3121 te
2056 3062 2132 3120 ad
2159 3081 2404 3123 causam

513 3160 665 3232 facti,
687 3170 811 3219 tum
825 3179 1119 3233 recessus,
1139 3172 1204 3220 ut
1228 3179 1321 3220 res
1341 3162 1469 3237 ipsa
1494 3160 1880 3219 maturitatem
1907 3160 2009 3218 tibi
2038 3159 2409 3220 animadver-

512 3257 672 3317 tendi
725 3259 987 3316 omnium
1031 3277 1331 3341 ‘concessu
1385 3258 1565 3317 daret.
1668 3258 1723 3315 8.
1774 3256 2059 3317 Liberasti
2115 3258 2293 3335 igitur
2346 3271 2409 3321 et

515 3355 720 3414 urbem
739 3353 995 3430 periculo
1023 3365 1082 3414 et
1106 3356 1392 3414 civitatem
1420 3366 1596 3426 metu,
1620 3373 1812 3433 neque
1841 3354 2033 3414 solum
2064 3354 2138 3413 ad
2166 3366 2407 3435 ternpus

515 3454 832 3511 maximam
887 3452 1185 3511 utilitatem
1239 3453 1493 3526 attulisti,
1544 3454 1649 3513 sed
1697 3454 1869 3513 etiam
1917 3453 1994 3513 ad
2027 3452 2407 3532 exemplum.
