2642 3925
449 255 582 305 200
946 327 950 331 .
992 253 1069 304 M.
1116 238 1369 306 TULLH'
1387 257 1781 308 CICERONIS
1850 266 1858 274 ·
2081 238 2220 333 [Pars
2240 256 2323 307 ιν.

848 489 945 546 92.
1027 487 1142 548 AD
1183 488 1686 550 FAMILIARES
1731 443 1838 549 vr.
1885 502 1941 564 7.

717 599 849 663 Sca.
877 621 940 663 m
982 602 1200 666 s1c1m
1239 624 1513 668 anunm
1552 625 1708 668 Anno
1748 624 1917 667 A.U.c.
1950 607 2085 681 708.

959 727 1204 771 caucum
1230 731 1499 773 crcnxom
1525 732 1693 774 ποτε..
1722 731 1846 773 SAL.

534 833 587 882 t.
644 817 826 896 Quoi)
879 824 980 883 tibi
1035 843 1158 884 non
1211 836 1334 885 tam
1388 828 1646 887 celeriter
1702 828 1844 886 liber
1905 836 1994 886 est
2057 825 2346 895 reddituS,

447 920 689 995 ignosce
738 922 928 981 timori
976 933 1180 982 nostro
1230 934 1287 982 et
1334 925 1606 984 miserere
1648 923 1948 1002 temporis,
2031 923 2228 992 Filius,
2270 933 2333 980 ut

447 1018 638 1090 audi0,
676 1019 986 1098 pertimuit,
1026 1039 1219 1097 neque
1260 1022 1481 1094 iniuria,
1521 1022 1569 1082 si
1609 1021 1756 1082 liber
1797 1023 2024 1093 exisset,
2054 1022 2332 1097 quoniam

447 1133 569 1175 non
597 1126 716 1175 tam
744 1118 998 1190 interest,
1030 1136 1148 1195 quo
1188 1120 1387 1178 animo
1425 1120 1719 1192 scribatur,
1751 1138 1926 1199 quam
1962 1137 2083 1195 quo
2121 1119 2332 1194 accipi-

448 1224 592 1285 atur,
620 1232 697 1274 ne
723 1233 795 1274 ea
822 1234 916 1274 res
944 1217 1139 1292 inepte
1167 1203 1308 1275 rnihi
1337 1228 1595 1289 noceret,
1617 1236 1753 1277 cum
1779 1217 2116 1295 praesertim
2144 1216 2345 1275 adhuc-

413 1385 420 1390 ,
447 1312 556 1371 stili
584 1330 807 1390 poenas
837 1314 990 1372 dem.
1075 1314 1212 1386 Qua
1240 1315 1478 1391 quidem
1507 1315 1568 1373 in
1594 1334 1657 1374 re
1697 1314 1972 1391 singulari
2009 1332 2141 1372 sum
2179 1313 2342 1384 sato;‚

446 1429 585 1469 nam
612 1430 747 1470 cum
774 1413 1054 1471 mendum
1084 1414 1399 1490 scripturae
1428 1413 1597 1473 litura
1629 1414 1876 1485 tollatur,
1905 1413 2158 1473 stultitia·
2177 1412 2335 1471 fama

447 1508 733 1581 multetur,
762 1527 928 1569 meus
962 1528 1120 1569 error
1161 1512 1365 1570 exsilio
1409 1512 1727 1588 corrigitur,
1758 1512 1921 1570 cuius
1959 1529 2191 1571 summa
2228 1510 2337 1575 crie

440 1606 620 1665 ,minis
647 1615 751 1678 est,
780 1607 943 1683 quod
978 1619 1231 1667 armatus
1269 1608 1599 1667 adversario
1637 1608 1788 1667 male
1828 1608 1963 1668 dixi.
2051 1628 2102 1666 2.
2133 1606 2342 1666 Nemo

446 1714 709 1764 nostrum
749 1711 851 1776 est,
881 1716 944 1764 ut
985 1707 1212 1782 opinor,
1241 1706 1385 1785 quin
1421 1717 1557 1765 vota
1591 1705 1886 1765 Victoriae
1924 1724 2065 1765 suae
2097 1705 2322 1781 secerit3

446 1820 641 1873 nemo,
683 1803 825 1879 quin
866 1803 1040 1861 etiam
1081 1819 1219 1862 cum
1261 1803 1337 1862 de
1378 1804 1492 1862 alia
1529 1819 1594 1863 re
1635 1804 1975 1875 immolaret,
2019 1813 2215 1861 tamen
2255 1820 2333 1861 eo

447 1897 686 1973 quidem
726 1897 859 1975 ipso
901 1899 1182 1975 tempore,
1220 1908 1284 1957 ut
1321 1917 1499 1975 quarn
1542 1900 1793 1976 primum
1837 1897 2057 1957 Caesar
2097 1916 2333 1975 supera-

445 2005 614 2068 retur,
638 1996 880 2072 optarit:
909 1995 1026 2055 hoc
1055 1997 1103 2055 si
1130 2013 1254 2054 non
1283 1997 1516 2073 cogitat,
1540 1998 1812 2057 omnibus
1838 1998 2011 2056 rebus
2040 1996 2175 2055 felix
2204 2005 2289 2054 est
2309 2016 2329 2068 3

448 2093 496 2151 si
550 2094 657 2152 scit
709 2101 769 2151 et
821 2110 1129 2170 persuasus
1186 2103 1290 2166 est,
1341 2094 1484 2170 quid
1537 2095 1795 2153 irascitur
1849 2095 1920 2167 ei,
1961 2095 2062 2170 qui
2116 2093 2332 2171 aliquid

449 2191 670 2267 scripsit
717 2201 921 2250 contra
968 2210 1134 2251 suam
1182 2192 1554 2264 voluntatem,
1600 2210 1735 2251 cum
1783 2193 1994 2269 ignorit
2037 2193 2335 2262 omnibuS,

448 2288 546 2364 qui
588 2288 769 2347 multa
817 2289 960 2347 deos
1008 2289 1260 2348 venerati
1309 2301 1442 2349 sunt
1487 2300 1690 2349 contra
1736 2291 1860 2349 eius
1908 2290 2188 2350 salutem?
2273 2308 2331 2365 3.

450 2385 566 2445 Sed
592 2396 656 2444 ut
683 2387 894 2446 eodem
920 2397 1187 2460 revertar,
1215 2406 1393 2447 causa
1419 2387 1566 2447 haec
1594 2388 1701 2447 fuit
1727 2389 1980 2449 timoris:
2023 2388 2226 2465 scripsi
2253 2389 2332 2447 de

446 2491 503 2541 te
525 2501 710 2563 ‘parce
748 2484 974 2541 medius
1012 2484 1182 2543 fidius
1219 2496 1277 2544 et
1317 2486 1536 2557 timide,
1563 2505 1686 2544 non
1726 2504 2005 2545 revocans
2046 2503 2142 2544 me
2182 2486 2331 2562 ipse,

451 2579 557 2639 sed
592 2599 782 2659 paene
818 2579 1130 2657 refugienS.
1214 2582 1420 2642 Genus
1460 2593 1655 2642 autem
1697 2581 1812 2640 hoc
1852 2583 2164 2657 scripturae
2206 2601 2331 2642 non

445 2680 628 2738 modo
669 2679 932 2752 liberum,
976 2680 1080 2739 sed
1127 2681 1426 2740 incitatum
1476 2689 1648 2754 atque
1691 2679 1904 2737 elatum
1945 2696 2074 2738 esse
2117 2680 2332 2739 debere

447 2776 576 2852 quis
603 2777 871 2853 ignorat?
914 2776 1167 2836 solutum
1211 2777 1570 2835 existimatur
1607 2793 1735 2835 esse
1773 2775 1931 2834 alteri
1958 2776 2110 2835 male
2138 2777 2335 2837 dicere

445 2885 723 2934 —tamen
751 2875 1073 2933 cavendum
1094 2884 1198 2943 est,
1218 2893 1294 2933 ne
1314 2874 1376 2932 in
1393 2873 1768 2948 petulantiam
1788 2873 2116 2947 incidas—3
2147 2876 2337 2951 impe-

449 2971 649 3042 ditum,
705 2988 770 3029 se
823 2971 1016 3046 ipsum
1068 2969 1321 3043 laudare,
1378 2988 1455 3028 ne
1510 2971 1709 3029 vitium
1764 2971 2139 3047 adrogantiae
2196 2975 2334 3030 sub-

450 3077 755 3144 sequatur3
807 3066 998 3126 solum
1037 3086 1175 3128 vero
1216 3069 1476 3139 liberum,
1520 3067 1763 3126 alterum
1804 3068 2056 3141 laudare,
2096 3068 2169 3128 de
2212 3087 2335 3146 quo

451 3165 724 3243 quicquid
753 3164 1037 3236 detrahas,
1067 3184 1307 3225 necesse
1337 3175 1426 3224 est
1461 3175 1560 3223 aut
1598 3165 1913 3225 infirmitati
1950 3177 2049 3225 aut
2085 3168 2334 3227 invidiae

449 3263 798 3339 adsignetur.
881 3263 972 3322 Ac
1028 3265 1226 3322 nescio
1283 3282 1360 3321 an
1416 3263 1517 3321 tibi
1565 3265 1783 3339 gratius
1833 3268 2334 3343 opportuniusque

448 3359 751 3428 acciderit;
793 3377 931 3417 narn
971 3360 1131 3435 quod
1175 3360 1466 3435 praeclare
1508 3359 1698 3420 facere
1740 3381 1863 3422 non
1905 3374 2184 3439 poteram,
2215 3364 2333 3439 pri-

449 3474 613 3517 mum
648 3466 785 3527 erat,
814 3473 937 3515 non
973 3457 1292 3534 attingere3
1336 3458 1659 3518 secundum
1701 3455 2122 3542 [beneficium],
2151 3475 2333 3539 quam
