2642 3925
590 739 729 835 M.
800 736 1294 838 TULLII
1393 736 2176 837 CICERONIS

734 967 1363 1046 EPISTOLAE
1442 963 2048 1045 SELECTAE.

1178 1169 1426 1237 PARS
1482 1170 1600 1239 IV.

900 1338 996 1398 79.
1077 1337 1193 1397 AD
1234 1335 1623 1399 ATTICUM
1663 1336 1769 1398 Χῖ.
1816 1351 1873 1414 5.

568 1450 703 1514 Sca.
745 1450 1053 1513 BRunmsn
1090 1468 1182 1513 Pa.
1226 1450 1433 1515 Noms
1473 1453 1836 1514 Novmfflturs
1874 1470 2046 1515 amc.
2090 1453 2229 1531 706.

1065 1579 1272 1621 crcmzo
1313 1578 1530 1621 unco
1570 1578 1695 1620 su..
2278 1549 2282 1553 ’

533 1691 586 1734 r.
635 1671 815 1745 Quart
863 1690 961 1732 me
1010 1692 1223 1733 causae
1269 1673 1574 1745 moverint,
1616 1689 1797 1750 quam
1844 1675 2106 1744 acerbae,
2158 1691 2337 1750 quam

447 1788 674 1849 graves,
701 1789 881 1848 quam
917 1788 1126 1842 novae,
1156 1773 1572 1850 coegerintque
1598 1771 1821 1848 impetu
1861 1772 2049 1848 magis
2070 1772 2338 1848 'quodam

445 1870 625 1929 animi
679 1870 763 1928 uti
819 1887 997 1946 quam
1054 1870 1427 1946 cogitatione,
1484 1887 1608 1929 non
1663 1887 1907 1946 possum
1966 1868 2042 1927 ad
2096 1849 2170 1927 te·
2211 1869 2337 1927 sine

445 1969 706 2028 maximo
752 1967 955 2028 dolore
1000 1969 1291 2040 scribere3
1339 1967 1574 2027 fuerunt
1618 1969 1853 2045 quidem
1901 1977 2113 2038 tantae,
2146 1977 2212 2026 ut
2258 1967 2335 2038 id,

448 2066 613 2143 quod
640 2056 820 2138 videS,
849 2066 1169 2125 effecerint&
1252 2065 1459 2143 Itaque
1487 2084 1597 2124 nec
1626 2065 1766 2142 quid
1793 2065 1870 2123 ad
1896 2074 1954 2122 te
1984 2065 2233 2124 scribam
2264 2065 2339 2123 de

448 2165 595 2223 meis
629 2164 804 2222 rebus
841 2181 951 2222 nec
988 2163 1129 2240 quid
1168 2181 1204 2220 a
1239 2173 1296 2243 te
1323 2174 1540 2241 petam,
1569 2163 1813 2239 reperio.
1896 2161 2050 2221 Rem
2087 2173 2147 2222 et
2182 2181 2339 2222 sum·

451 2280 611 2320 mam
649 2261 867 2338 negotii
897 2261 1078 2320 vides,
1160 2259 1455 2337 Equidem
1497 2280 1572 2320 ex
1608 2262 1721 2319 tuis
1760 2260 1956 2319 litteris
1993 2261 2246 2320 intellexi
2282 2269 2340 2320 et
2409 2260 2420 2271 “

449 2359 535 2428 iis,
564 2376 711 2434 quas
753 2359 1143 2417 communiter
1179 2377 1317 2418 cum
1355 2358 1480 2418 aliis
1517 2358 1811 2435 scripsisti,
1839 2367 1897 2417 et
1932 2358 2017 2430 iis,
2052 2376 2199 2435 quas
2235 2368 2340 2418 tuo

448 2456 708 2527 nomine,
738 2456 908 2532 'quod
955 2456 1131 2515 etiam
1178 2474 1314 2516 mea
1359 2466 1570 2533 sponte
1612 2457 1896 2526 videbam,
1940 2465 1997 2514 te
2042 2457 2232 2514 subita
2277 2475 2339 2523 re

451 2554 620 2632 quasi
647 2553 1006 2619 debilitatum
1035 2571 1217 2613 novas
1245 2555 1499 2613 rationes
1536 2553 1734 2612 tuendi
1761 2554 1879 2612 mei
1905 2571 2197 2630 quaerere.
2287 2572 2338 2613 2.

454 2651 635 2724 Quod
691 2652 894 2711 scribis
943 2652 1189 2729 placere,
1236 2662 1301 2711 ut
1349 2652 1588 2728 propius
1644 2652 1922 2710 accedam
1971 2652 2192 2727 iterque
2237 2668 2345 2728 per

452 2749 672 2826 oppida
699 2761 879 2809 noctu
906 2748 1135 2820 faciam,
1164 2768 1286 2808 non
1317 2756 1462 2808 sane'
1486 2749 1671 2820 video,
1702 2767 1877 2824 quern
1905 2749 1982 2807 ad
2008 2749 2255 2808 modum
2282 2748 2342 2807 id
2413 2728 2426 2745 ⁹

373 2833 377 2836 ’
455 2848 577 2907 fieri
605 2849 820 2925 possit3
863 2866 1058 2924 neque
1088 2849 1246 2907 enim
1273 2849 1355 2907 ita
1381 2857 1517 2924 apta
1543 2846 1734 2906 habeo
1762 2847 2103 2918 deversoria,
2131 2857 2194 2906 ut
2220 2859 2342 2907 tota

455 2954 723 3022 tempora
763 2945 968 3004 diurna
1009 2947 1072 3004 in
1121 2946 1191 3004 iis
1231 2946 1457 3023 possim
1504 2963 1864 3016 consumere,
1904 2963 2096 3021 neque
2145 2945 2221 3004 ad
2264 2945 2341 3015 id,

458 3042 619 3118 quod
667 3043 912 3118 quaeriS,
957 3044 1205 3102 multum
1253 3045 1509 3114 interest,
1559 3054 1752 3101 utrum
1805 3060 1902 3100 me
1956 3042 2227 3102 homines
2282 3043 2343 3102 in

459 3138 682 3216 oppido
718 3139 952 3199 videant
991 3159 1068 3199 an
1107 3142 1168 3198 in
1201 3141 1309 3201 via.
1398 3140 1515 3200 Sed
1560 3150 1757 3199 tamen
1800 3138 1916 3199 hoc
1958 3141 2171 3217 ipsum,
2201 3140 2345 3200 sicut

462 3238 590 3306 alia,
634 3236 1019 3296 considerabo
1067 3257 1249 3314 quem
1295 3238 1373 3298 ad
1412 3238 1659 3298 modum
1703 3239 2178 3297 commodissime
2225 3239 2346 3298 fieri

461 3350 640 3408 posse
666 3332 941 3392 videatur.
1027 3352 1082 3410 3.
1124 3333 1258 3411 Ego
1285 3344 1526 3412 propter
1552 3335 1949 3394 incredibilem
1985 3347 2045 3393 et
2079 3336 2257 3394 animi
2288 3346 2347 3395 et

461 3430 725 3506 corporis
753 3430 1078 3490 molestiam
1108 3433 1395 3493 conficere
1422 3433 1618 3511 plures
1644 3432 1860 3493 litteras
1887 3450 2011 3497 non
2038 3435 2235 3510 potui;
2279 3434 2348 3494 iis
