2642 3925
279 239 368 300 Ep.
407 221 540 306 ua]
655 234 880 287 Emsr.
925 233 1026 282 AD
1068 234 1516 284 FAMILIARES
1558 236 1687 284 xrs.
1736 241 1794 286 2.
2042 239 2164 302 241

646 437 782 495 118.
864 404 978 492 AD
1021 433 1521 492 FAMILIARES
1563 432 1704 491 ΧΠ.
1750 451 1803 492 2.

365 548 496 610 Sca.
545 549 764 610 Romu
805 567 1074 610 ExEuN‘rE
1115 567 1304 608 MENSE
1348 547 1681 608 SEPTEMBRI
1722 565 1891 610 A.1J.c.
1935 559 1967 621 7
1981 565 2070 606 10.

920 674 1125 718 crcERo
1165 673 1358 716 casslo
1396 673 1519 716 SAL.

371 787 421 827 r.
465 769 878 832 VEHEMENTER
916 771 1097 830 laetor
1133 770 1238 828 tibi
1278 770 1510 846 probari
1553 768 1899 828 sententiam
1940 777 1998 826 et
2038 785 2169 828 ora·

280 867 504 928 tionem
558 885 751 926 meam
767 886 783 938 ;
843 887 961 945 qua
1016 867 1067 928 si
1120 867 1355 942 saepius
1410 866 1493 926 uti
1549 865 1761 935 liceret,
1816 865 1959 923 nihil
2015 875 2167 926 esset

281 964 504 1038 negotii
530 964 852 1024 libertate-m
879 975 938 1022 et
964 982 1087 1026 rem
1114 963 1405 1042 publicam
1434 962 1767 1039 reciperare.
1841 962 1957 1022 Sed
1986 961 2169 1022 horno

283 1079 487 1121 amens
515 1071 573 1120 et
599 1061 856 1138 perditus
884 1062 1182 1136 multoque
1210 1061 1456 1136 nequior
1484 1079 1661 1135 quam
1689 1060 1783 1118 ille
1819 1061 1963 1136 ipse,
1992 1077 2170 1134 quem

283 1168 348 1217 tu
411 1158 831 1233 nequissimum
895 1159 1156 1220 occisum
1225 1177 1356 1218 esse
1422 1158 1629 1229 dixisti,
1686 1159 1880 1219 caedis
1944 1158 2169 1220 initium

283 1255 524 1330 quaerit,
555 1255 887 1332 nullamque
917 1255 1086 1316 aliam
1125 1256 1205 1314 ob
1244 1273 1482 1332 causam
1520 1274 1617 1313 me
1655 1266 1952 1316 auctorem
1992 1255 2171 1317 fuisse

285 1351 552 1410 Caesaris
594 1353 973 1412 interficiendi
1015 1353 1363 1424 criminatur,
1406 1355 1515 1412 nisi
1565 1364 1627 1414 ut
1675 1355 1737 1411 in
1778 1372 1873 1414 me
1915 1354 2169 1414 veterani

285 1450 628 1509 incitentur:
673 1450 836 1526 quod
883 1468 998 1526 ego
1049 1450 1371 1527 periculum
1418 1470 1541 1509 non
1590 1453 1945 1522 extimesco;
1988 1451 2170 1510 modo

285 1548 457 1607 vestri
484 1547 616 1607 facti
643 1549 891 1624 gloriam
919 1566 1055 1609 cum
1082 1567 1215 1608 mea
1241 1549 1412 1608 laude
1442 1551 1847 1610 communicet.
1931 1549 2022 1608 Ita
2062 1569 2171 1608 nec

287 1644 506 1715 Pisoni,
535 1646 634 1721 qui
663 1645 724 1702 in
752 1664 886 1706 eum
915 1646 1138 1721 primus
1174 1646 1434 1706 invectus
1474 1657 1562 1704 est
1598 1647 1757 1705 nullo
1795 1647 2171 1718 adsentiente,

287 1761 399 1802 nec
427 1743 584 1814 mihi,
603 1743 703 1823 qui
730 1744 886 1802 idern
912 1744 1246 1803 tricensimo
1273 1755 1411 1821 post
1438 1745 1529 1804 die
1559 1744 1687 1815 feci,
1709 1764 1819 1804 nec
1843 1745 1905 1804 P.
1918 1745 2171 1814 Servili0,

289 1843 390 1919 qui
445 1860 541 1900 me
595 1851 684 1900 est
739 1853 1105 1916 consecutus,
1149 1851 1276 1905 tuto
1330 1843 1392 1902 in
1448 1853 1715 1902 senatum
1769 1845 1961 1902 venire
2009 1844 2173 1907 licet:

290 1940 534 2000 caedem
574 1940 732 1999 enim
773 1940 1058 2017 gladiator
1091 1943 1314 2019 quaerit
1351 1942 1587 2021 eiusque
1625 1943 1851 2001 initium
1888 1962 1939 2002 a.
1968 1942 2023 2002 d.
2054 1962 2173 2002 xm.

290 2040 426 2099 Kal.
457 2038 697 2099 Octobr.
723 2056 761 2096 a
795 2058 892 2097 me
932 2057 994 2098 se
1033 2039 1319 2098 facturum
1358 2042 1589 2117 putavit,
1620 2041 1698 2099 ad
1728 2059 1903 2117 quern
1940 2052 2173 2118 paratus

207 2154 216 2165 ·
291 2147 541 2207 venerat,
571 2154 707 2199 cum
743 2138 804 2195 in
832 2137 962 2195 villa
989 2136 1211 2196 Metelli
1241 2138 1569 2215 complures
1597 2139 1721 2197 dies
1749 2149 2175 2198 commentatus

290 2245 460 2295 esset.
545 2234 715 2307 Quae
765 2243 958 2293 autem
981 2282 986 2285 .
1008 2236 1069 2293 in
1115 2236 1307 2294 lustris
1355 2246 1414 2294 et
1461 2237 1523 2293 in
1571 2238 1707 2296 vino
1762 2242 2175 2298 commentatio

291 2335 482 2411 potuit
520 2334 688 2393 esse?
731 2333 924 2409 itaque
973 2334 1249 2393 omnibus
1295 2343 1386 2395 est
1432 2335 1609 2421 visuS,
1646 2344 1711 2395 ut
1764 2337 1840 2397 ad
1894 2347 1951 2395 te
2006 2348 2177 2399 antea

292 2431 512 2507 scripsi,
540 2449 775 2489 vomere
815 2449 924 2489 suo
959 2449 1141 2501 more,
1171 2449 1294 2494 non
1336 2433 1545 2493 dicere.
1632 2453 1683 2493 2.
1729 2434 1865 2505 Qua
1905 2454 1987 2506 re,
2015 2436 2175 2512 quod

293 2530 495 2587 scribis
524 2537 580 2587 te
608 2527 899 2587 confidere
927 2530 1266 2588 auctoritate
1294 2538 1353 2589 et
1380 2530 1709 2607 eloquentia
1736 2542 1935 2591 nostra
1960 2532 2177 2609 aliquid

291 2626 499 2705 profici
535 2644 728 2701 posse,
759 2643 880 2683 non
920 2626 1080 2697 nihil,
1109 2638 1172 2685 ut
1199 2627 1259 2685 in
1285 2629 1457 2687 tantis
1484 2629 1669 2693 malis,
1698 2638 1785 2687 est
1811 2628 2171 2705 profectum:

229 2712 238 2720 ’
291 2725 568 2798 intellegit
596 2725 752 2782 enim
779 2725 1032 2801 populus
1061 2725 1367 2787 Romanus
1396 2736 1510 2787 tres
1538 2746 1667 2789 esse
1696 2728 2048 2799 consulareS,
2077 2730 2176 2805 qui

293 2823 447 2899 quia,
475 2842 611 2897 quae
639 2822 712 2880 de
740 2841 802 2880 re
830 2823 1063 2899 publica
1100 2825 1248 2884 bene
1288 2827 1587 2897 senserint,
1618 2826 1792 2885 libere
1829 2827 2006 2886 locuti
2045 2828 2177 2899 sint,

292 2931 418 2981 tuto
443 2920 516 2979 ⁴in
551 2930 821 2979 senatum
856 2921 1050 2981 venire
1089 2940 1212 2983 non
1254 2924 1497 2997 possint.
1569 2924 1709 2984 ,Nec
1750 2933 1840 2985 est
1880 2935 2179 3001 praeterea

291 3018 453 3095 quod
487 3018 800 3094 quicquam
840 3029 1143 3093 exspectes
1151 3038 1168 3091 ;
1210 3029 1343 3079 tuus
1380 3022 1538 3082 enim
1575 3023 1935 3083 necessarius
1976 3024 2177 3083 adfini-

291 3126 407 3176 tate
472 3133 626 3176 nova
691 3116 1040 3175 delectatur:
1110 3117 1305 3192 itaque
1368 3119 1484 3179 iam
1548 3138 1669 3179 non
1732 3130 1821 3181 est
1884 3122 2178 3185 studiosus

290 3214 562 3273 ludorum
601 3213 944 3291 infinitoque
983 3214 1168 3276 fratris
1208 3216 1289 3277 tui
1331 3218 1535 3294 plausu
1576 3218 1933 3295 dirumpitur.
2013 3219 2181 3277 Alter

290 3313 432 3373 item
475 3310 682 3369 adfinis
731 3313 897 3371 novis
946 3316 1379 3375 commentariis
1426 3314 1690 3376 Caesaris
1740 3316 2021 3375 delenitus
2070 3328 2173 3375 est.

294 3410 413 3471 Sed
453 3409 602 3480 haee
643 3408 992 3472 tolerabilia:
1036 3412 1175 3473 illud
1215 3430 1339 3473 non
1380 3412 1699 3481 ferendum,
1740 3413 1901 3490 quod
1942 3398 2047 3484 est,
2078 3415 2177 3490 qui

1219 3528 1261 3571 x
