2642 3925
330 270 421 333 Ep.
447 256 580 344 η]
750 270 973 323 EPIST.
1019 269 1119 318 AD
1159 268 1607 319 FAMILIARES
1650 271 1698 319 I.
1746 277 1806 343 9.
2142 271 2224 340 75

334 417 705 491 ulciscendiS,
762 422 940 496 quos'
981 419 1083 478 tibi
1149 420 1356 497 partim
1418 418 1686 479 inimicos
1751 436 1879 477 esse
1942 418 2226 495 intellegis

336 527 579 593 propter
624 526 787 575 tuam
832 518 1361 594 propugnationem
1403 517 1600 576 salutis
1648 534 1834 587 meae,
1878 517 2088 594 partim
2136 517 2226 575 in-

336 613 531 675 videre
586 623 827 691 propter
868 614 1017 673 illius
1071 615 1317 675 actionis
1372 615 1810 693 amplitudinem
1860 625 1918 674 et
1966 615 2224 692 gloriam,

338 714 643 771 mirificum
684 730 780 771 me
822 714 924 772 tibi
959 714 1235 773 comitem
1276 714 1708 791 praebuissemt
1749 732 2104 791 quamquam
2135 714 2228 772 ille

340 811 611 887 perennis
659 810 929 870 inimicus
982 812 1303 870 amicorum
1346 830 1603 884 suorum,
1648 813 1748 889 qui
1802 812 1916 870 tuis
1936 808 2227 869 ‘maximis

339 909 633 967 beneficiis
662 907 899 968 ornatus
926 910 988 968 in
1017 920 1073 968 te
1096 910 1462 987 potissimum
1492 910 1732 970 fractam
1761 910 1916 969 illam
1945 918 2002 969 et
2031 910 2228 969 debili-

341 1014 519 1065 tatam
564 1006 681 1064 vim
724 1024 889 1065 suam
939 1007 1193 1078 contulit,
1244 1017 1504 1080 nostram
1544 1008 1732 1081 vicem
1776 1008 1928 1065 ultus
1971 1018 2059 1067 est
2103 1007 2228 1084 ipse

342 1122 503 1174 sese;
546 1122 619 1164 ea
650 1113 737 1164 est
778 1106 933 1163 enim
972 1115 1233 1175 conatus,
1264 1106 1475 1182 quibus
1516 1105 1818 1182 patefactis
1861 1105 2080 1163 nullam
2117 1105 2228 1163 sibi

342 1200 403 1258 in
430 1211 729 1276 posterum
754 1219 878 1260 non
905 1202 1089 1261 modo
1117 1202 1412 1279 dignitatis
1445 1202 1549 1261 sed
1577 1221 1653 1261 ne
1691 1202 1966 1262 libertatis
1991 1201 2228 1279 quidem

342 1309 565 1374 partem
593 1299 839 1376 reliquit.
924 1319 977 1376 3.
1022 1300 1116 1361 Te
1152 1312 1349 1360 autem
1385 1302 1493 1359 etsi
1531 1301 1764 1359 mallem
1796 1302 1857 1359 in
1884 1300 2029 1359 meis
2057 1299 2228 1359 rebus

342 1408 645 1475 expertum
684 1416 861 1475 quam
902 1399 1075 1457 etiam
1115 1399 1176 1457 in
1215 1400 1346 1471 tuis,
1376 1408 1572 1457 tamen
1611 1399 1668 1457 in
1707 1400 1972 1459 molestia
1999 1399 2230 1475 gaudeo

342 1514 473 1555 eam
518 1496 693 1555 fidem
736 1514 1027 1573 cognosse
1069 1496 1375 1557 hominum
1409 1514 1531 1555 non
1571 1498 1651 1557 ita
1689 1516 1908 1574 magna
1940 1496 2228 1567 mercede,

342 1612 519 1671 quam
546 1611 663 1670 ego
692 1596 953 1653 maximo
982 1595 1183 1653 dolore
1211 1613 1568 1671 cognoram3
1613 1596 1687 1654 de
1715 1614 1832 1673 qua
1857 1595 2079 1654 ratione
2108 1604 2232 1653 tota

341 1693 459 1750 iam
485 1693 713 1752 videtur
738 1693 880 1751 mihi
906 1694 1243 1769 exponendi
1270 1703 1503 1769 tempus
1532 1691 1673 1764 dari,
1695 1703 1760 1751 ut
1786 1693 1886 1751 tibi
1916 1693 2230 1751 rescribam

341 1792 419 1851 ad
446 1811 532 1861 ea,
564 1808 713 1869 quae
755 1792 1000 1868 quaeris.
1086 1810 1141 1864 4.
1186 1790 1506 1851 Certiorem
1543 1801 1598 1849 te
1632 1806 1737 1867 per
1777 1791 1990 1850 litteras
2029 1791 2230 1849 scribis

342 1906 474 1949 esse.
498 1889 714 1949 factum
742 1907 839 1947 me
868 1908 1001 1948 cum
1032 1888 1283 1948 Caesare
1312 1900 1371 1949 et
1399 1907 1532 1948 cum
1561 1889 1759 1966 Appio
1786 1907 1912 1947 esse
1940 1889 2002 1946 in
2029 1889 2228 1966 gratia,

342 1999 514 2064 teque
558 1988 618 2046 id
661 2006 783 2046 non
831 1987 1252 2064 reprehendere
1300 1987 1618 2059 adscribis3
1689 1987 1987 2046 Vatinium
2035 1996 2230 2046 autem

344 2089 490 2146 scire
517 2097 573 2146 te
612 2086 754 2146 velle
789 2087 1051 2144 ostendis
1087 2087 1299 2162 quibus
1336 2086 1509 2144 rebus
1548 2086 1834 2145 adductus
1873 2085 2230 2145 defenderim

342 2197 401 2244 et
426 2184 723 2243 laudarim.
808 2182 989 2255 Quod
1019 2184 1120 2242 tibi
1156 2193 1220 2241 ut
1256 2184 1485 2261 planius
1519 2202 1829 2261 exponam,
1856 2185 2025 2243 altius
2054 2185 2230 2263 paulo

342 2283 625 2342 rationem
654 2281 1029 2340 consiliorum
1056 2299 1323 2340 meorum
1350 2292 1611 2359 repetam
1639 2301 1879 2341 neeesse
1907 2294 2010 2344 est.
2094 2282 2229 2360 Ego

342 2398 456 2452 me,
504 2379 766 2450 Lentule,
822 2379 986 2437 initio
1034 2397 1225 2440 rerum
1275 2391 1447 2456 atque
1495 2381 1790 2440 actionum
1835 2391 2063 2439 tuarum
2107 2399 2228 2440 non

342 2479 535 2539 solum
562 2477 707 2536 meis
736 2476 841 2535 sed
868 2478 1043 2536 etiam
1071 2477 1153 2536 rei
1190 2478 1457 2554 publicae
1495 2479 1818 2537 restitutum
1847 2479 2125 2555 putabam
2152 2491 2226 2552 et,

344 2576 625 2656 quoniam
663 2574 763 2634 tibi
808 2573 1199 2634 incredibilem
1236 2577 1532 2652 quendam
1571 2594 1829 2635 amorem
1857 2585 1915 2635 et
1942 2577 2144 2637 omnia
2170 2580 2232 2638 in

344 2685 401 2733 te
439 2674 635 2750 ipsum
677 2690 906 2730 summa
947 2690 1016 2731 ac
1044 2673 1354 2748 singularia
1381 2673 1570 2732 studia
1599 2673 1891 2744 deberem,
1919 2674 2003 2732 rei
2045 2675 2232 2751 publi-

346 2790 468 2838 cae,
512 2788 661 2846 quae
704 2779 760 2828 te
802 2771 864 2828 in
904 2788 1001 2827 me
1042 2770 1400 2830 resti-tuendo
1442 2770 1689 2828 multum
1729 2770 2054 2840 adiuvisset,
2097 2789 2234 2829 eum

346 2878 500 2928 certe
535 2885 632 2925 me
672 2867 932 2925 animum
970 2867 1175 2925 merito
1218 2867 1400 2943 ipsius
1443 2867 1654 2926 debere
1696 2866 2026 2937 arbitrabar,
2057 2883 2236 2944 quem

346 2974 517 3024 antea
557 2976 783 3024 tantum
825 2963 1008 3023 modo
1056 2965 1356 3022 communi
1399 2963 1590 3022 officio
1639 2965 1865 3034 civium,
1902 2982 2023 3023 non
2067 2964 2236 3023 alicui

347 3083 489 3139 erga
516 3082 613 3122 me
650 3062 926 3140 singulari
967 3062 1252 3121 beneficio
1294 3061 1550 3120 debitum
1589 3061 2016 3137 praestitissem.
2099 3061 2237 3122 Hac

346 3180 443 3220 me
472 3171 668 3219 mente
696 3159 871 3218 fuisse
900 3170 960 3218 et
988 3169 1222 3218 senatus
1250 3177 1326 3217 ex
1352 3177 1450 3217 me
1488 3168 1544 3218 te
1573 3159 1811 3218 consule
1848 3160 2063 3218 audivit
2090 3171 2146 3218 et
2175 3171 2238 3219 tu

348 3259 407 3318 in
464 3258 677 3318 nostris
742 3257 1107 3317 sermonibus
1174 3255 1770 3333 collocutionibusque
1839 3257 1963 3334 ipse
2029 3257 2233 3316 vidisti.

350 3371 406 3430 5.
446 3355 572 3415 Etsi
628 3356 743 3414 iam
800 3355 1001 3432 primis
1045 3354 1404 3431 temporibus
1450 3355 1556 3415 illis
1596 3355 1796 3414 multis
1843 3355 2013 3413 rebus
2068 3371 2235 3416 meus

350 3452 753 3513 offendebatur
798 3453 1043 3526 animuS,
1090 3471 1227 3514 cum
1282 3465 1340 3514 te
1389 3465 1597 3532 agente
1653 3453 1728 3512 de
1774 3452 1992 3530 reliqua
2039 3467 2237 3514 nostra
