2642 3925
283 282 369 347 Ep.
397 267 483 352 3.]
748 272 976 330 EPIST.
1016 277 1119 328 'An
1158 271 1496 330 armum
1533 283 1583 333 1.
1632 270 1730 337 16.
1991 305 1994 310 -
2081 285 2160 353 ¹7

283 427 637 498 Hortensius
664 458 731 499 se
756 440 968 500 vidisse
995 450 1256 512 tantum3
1305 457 1484 499 nemo
1512 448 1634 498 erat
1663 439 1768 517 qui
1799 433 1958 498 illum
1995 456 2162 497 reum

279 555 353 597 ac
376 555 501 596 non
527 538 754 597 miliens
781 538 1235 598 condemnatum
1263 539 1644 597 arbitraretur.
1715 527 1826 595 Me'
1846 554 1983 596 vero
2016 545 2162 600 teste

281 636 569 712 producto
607 625 805 696 cre-do¹
832 647 891 696 te
939 656 1014 696 ex
1060 636 1477 698 acclamatione
1515 634 1708 695 Clodii
1745 635 2162 695 advocatorum

282 722 516 794 audisse
584 752 736 812 quae
805 735 1199 795 consurrectio
1269 719 1526 793 iudicum
1588 734 1739 792 facta
1769 743 1772 748 ’
1807 734 1896 805 sit,
1953 743 2017 792 ut
2069 751 2166 791 me

281 832 772 903 circumsteterint,
822 843 884 891 ut
924 843 1122 909 aperte
1162 831 1359 908 iugula
1387 838 1506 890 'sua
1547 848 1655 908 pro
1695 848 1832 889 meo
1871 831 2059 906 capite
2102 831 2165 892 P.

281 928 494 988 Clodio
532 930 902 990 ostentarint:
954 949 1112 1008 quae
1148 930 1289 989 mihi
1328 947 1421 988 res
1470 928 1654 987 multo
1694 928 2167 990 honorificentior

278 1026 402 1086 visa
437 1038 528 1086 est
565 1046 742 1104 quam
776 1037 875 1087 aut
914 1028 1026 1099 illa,
1065 1046 1201 1087 cum
1238 1028 1424 1085 iurare
1458 1027 1539 1085 tui
1582 1022 1735 1085 cives
1772 1025 2164 1086 Xenocratem

279 1127 673 1184 testimonium
732 1126 1025 1186 dicentem
1085 1125 1518 1202 prohibuerunt,
1575 1134 1676 1183 aut
1739 1141 1873 1183 cum
1940 1123 2164 1182 tabulas

278 1222 502 1282 Metelli
540 1222 852 1294 Numidici,
891 1242 1027 1283 cum
1067 1242 1189 1294 eae,
1223 1233 1288 1282 ut
1327 1242 1460 1282 mos
1500 1232 1605 1293 est,
1646 1221 2162 1293 circumferrentur,

278 1320 462 1378 nostri
508 1320 728 1380 iudices
775 1339 839 1379 as
883 1322 899 1378 i
937 1339 1033 1379 ere
1075 1321 1423 1392 noluerunt3
1464 1320 1648 1378 multo
1696 1317 1857 1390 haec,
1903 1320 2162 1394 inquam,

278 1426 478 1475 nostra
502 1436 595 1477 res
623 1419 827 1477 maior.
913 1431 967 1492 5.
1025 1417 1230 1494 Itaque
1270 1417 1530 1475 iudicum
1571 1415 1829 1486 vocibuS,
1874 1433 2009 1474 cum
2047 1434 2161 1492 ego

279 1513 363 1573 sic
390 1517 465 1574 ab
491 1515 579 1587 iis,
606 1525 671 1575 ut
699 1516 856 1575 salus
881 1515 1117 1592 patriae,
1147 1513 1501 1585 defenderer,
1525 1512 1742 1572 fractus
1770 1531 1905 1572 reus
1947 1523 2005 1572 et
2043 1531 2163 1572 una

276 1614 505 1689 patroni
550 1629 757 1673 omnes
804 1612 1222 1684 conciderunt3
1293 1609 1370 1671 ad
1411 1628 1508 1668 me
1550 1621 1744 1670 autem
1801 1611 2008 1669 eadem
2049 1610 2162 1669 fre-

275 1710 512 1785 quentia
548 1708 825 1788 postridie
859 1710 1142 1782 convenit,
1170 1727 1426 1788 quacum
1460 1709 1661 1767 abiens
1687 1708 1993 1766 consulatu
2029 1727 2161 1767 sum

276 1807 516 1866 domum
554 1807 839 1867 reductus,
904 1805 1176 1866 Clamare
1215 1805 1494 1883 praeclar-i
1530 1805 1905 1880 Ariopagitae
1940 1823 2005 1864 se
2038 1824 2161 1865 non

275 1922 407 1965 esse
432 1914 706 1965 venturos
743 1891 854 1964 nisi
890 1904 1180 1981 praesidio
1212 1903 1544 1962 constituto.
1617 1901 1886 1960 Refertur
1917 1902 1993 1960 ad
2021 1920 2161 1963 con·

275 2003 500 2062 silium:
566 2019 684 2059 una
734 2002 860 2060 sola
907 2002 1190 2060 sententia
1227 2000 1582 2077 praesidium
1630 2016 1753 2058 non
1800 1998 2158 2060 desideravit.

274 2099 546 2161 Defertur
610 2116 703 2157 res
764 2098 842 2158 ad
903 2109 1211 2157 senatum:
1279 2097 1614 2174 gravissime
1682 2097 2159 2175 ornatissimeque

278 2197 634 2268 decernitur;
673 2195 1265 2268 'laudantur-iudices3
1325 2195 1491 2253 datur
1526 2195 1829 2271 negotium
1853 2196 2159 2271 magistra-

275 2296 462 2369 tibus;
503 2311 919 2371 responsurum
943 2293 1246 2352 hominem
1287 2310 1465 2351 nemo
1486 2293 1885 2359 arbitrabatur.
1967 2295 2159 2352 ἕσπετε

273 2399 365 2451 νῦν
387 2416 491 2466 μοι,
521 2398 747 2463 Μοῦσαι,
775 2392 952 2451 ὅππως
978 2394 1040 2463 δὴ
1066 2397 1267 2466 πρῶτον
1289 2396 1397 2464 πῦρ
1423 2393 1632 2462 ἔμπεσε.
1657 2375 1660 2378 ⁴
1695 2389 1870 2449 Nosti
1893 2389 2137 2449 Calvum

275 2510 351 2550 ex
390 2490 753 2550 Nanneianis
790 2490 970 2560 illum,
1012 2489 1171 2548 illum
1214 2489 1574 2548 laudatorem
1617 2507 1834 2561 meu-m,
1877 2488 1952 2548 de
1993 2490 2157 2548 cuius

275 2589 533 2649 oratione
563 2607 702 2665 erga
727 2606 823 2647 me
849 2586 1172 2646 honorifica
1205 2587 1281 2644 ad
1306 2597 1367 2644 te
1399 2587 1775 2662 scripseram:
1830 2586 2011 2645 biduo
2051 2604 2158 2664 per

274 2700 459 2742 unum
487 2698 732 2753 servum,
760 2692 817 2740 et
844 2699 979 2740 eum
1006 2698 1080 2738 ex
1107 2680 1449 2757 gladiatorio
1475 2680 1635 2752 ludo,
1677 2678 1929 2738 confecit
1968 2689 2157 2739 totum

276 2771 612 2856 negotium3
676 2779 968 2839 arcessivit
1011 2777 1086 2836 ad
1132 2796 1212 2847 se,
1258 2777 1542 2853 promisit,
1592 2777 1927 2855 intercessit,
1979 2775 2154 2835 dedit.
2237 2836 2262 2847 „
2361 2834 2370 2843 ,

274 2876 404 2937 Iam
432 2895 689 2936 vero—o
716 2877 775 2935 di
802 2877 944 2935 boni
971 2894 1096 2955 rem
1123 2874 1407 2952 perditam
1429 2875 1699 2934 l-—etiam
1742 2882 1946 2933 noctes
1975 2885 2156 2932 certa-

273 2993 403 3036 rum
457 2975 765 3033 mulierum
815 2984 989 3051 atque
1037 2972 1603 3031 adulescentulorum
1650 2970 1932 3030 nobilium
1975 2972 2155 3030 intro·-

275 3060 579 3133 ductiones
634 3089 756 3130 non
825 3071 991 3129 nullis
1047 3069 1331 3128 iudicibus
1386 3084 1495 3146 pro
1562 3069 1847 3128 mercedis
1915 3068 2154 3127 cumulo

273 3168 521 3230 fuerunt.
631 3167 723 3226 Ita
786 3185 1017 3226 summo
1082 3167 1343 3225 discessu
1405 3166 1715 3237 bonorum,
1779 3165 1956 3243 pleno
2023 3165 2154 3223 foro

270 3285 585 3338 servorum,
615 3283 753 3325 xxv.
783 3266 997 3324 iudices
1023 3264 1106 3323 ita
1132 3263 1310 3323 fortes
1339 3273 1535 3322 tamen
1564 3263 1808 3335 fuerunt,
1830 3272 1895 3322 ut
1922 3279 2154 3321 summo

272 3364 576 3443 proposito
605 3362 863 3441 periculo
917 3361 1006 3421 vel
1060 3362 1247 3439 perire
1300 3361 1608 3421 maluerint
1668 3379 1845 3439 quam
1913 3359 2155 3436 perdere

273 3463 512 3523 omnia:
586 3478 744 3525 xxxi.
795 3459 1043 3532 fuerunt,
1093 3476 1245 3536 quos
1296 3458 1484 3519 fames
1537 3460 1728 3536 magis
1771 3475 1955 3537 quam
1998 3455 2156 3517 fama

1196 3571 1235 3625 C
