2642 3925
426 244 514 310 90
829 267 857 297 ,ι
938 241 1045 292 Μ.
1098 241 1338 292 TULLII
1377 229 1754 301 dromones
1886 253 1894 258 ·
2083 229 2219 317 [rats
2243 244 2309 296 11.

426 406 556 449 rum
583 397 903 462 ventorum,
927 410 1076 469 quos
1106 392 1401 468 proposui.
1430 392 1763 453 moderator
1789 391 2030 470 quidam
2056 402 2116 453 et
2141 393 2307 472 quasi

427 488 815 563 gubernator;
846 489 945 566 qui
973 490 1021 548 si
1048 508 1121 548 ex
1149 490 1422 549 omnibus
1449 509 1601 550 unus
1627 473 1917 567 optandus
1937 501 2108 561 esset,
2129 508 2302 568 quem

428 595 622 645 tecum
669 584 930 646 conferre
956 604 1304 662 possemus,
1355 605 1476 647 non
1530 588 1891 648 haberemus.
1975 588 2174 661 Quam
2226 587 2310 648 ob

429 700 570 753 rem,
600 683 648 742 si
684 701 780 742 me
817 701 1154 754 memorem,
1183 684 1231 742 si
1270 695 1519 761 gratum,
1548 687 1597 745 si
1631 687 1855 745 bonum
1895 686 2080 744 virum
2115 684 2306 744 velex

429 779 544 842 hoc
570 781 718 857 ipso,
747 781 906 858 quod
934 791 1053 838 tam
1081 781 1454 842 vehementer
1480 783 1556 842 de
1591 783 1816 844 Milone
1851 782 2132 866 laborem,
2157 781 2309 843 exis-

430 878 630 938 timare
657 888 840 955 potes,
864 878 912 937 si
941 878 1179 954 dignum
1210 880 1460 956 denique
1489 882 1601 942 tuis
1621 881 1918 941 beneficiis
1938 882 2175 952 iudicas,
2193 880 2310 938 hoc

429 993 466 1034 a
493 984 548 1034 te
577 986 726 1052 peto,
743 985 807 1034 ut
834 977 1140 1035 subvenias
1167 977 1299 1040 huic
1328 996 1494 1038 meae
1521 978 1893 1040 sollicitudini
1913 985 1970 1040 e‘t
1989 979 2124 1038 huic
2143 994 2310 1038 meae

430 1073 583 1131 laudi
611 1073 716 1143 vel,
738 1083 802 1132 ut
828 1073 1013 1133 verius
1041 1074 1248 1145 dicam,
1272 1093 1458 1151 prope
1480 1076 1649 1138 saluti
1670 1085 1835 1136 tuum
1857 1076 2113 1135 studium
2133 1075 2309 1134 dices.

430 1167 522 1230 De
550 1170 680 1246 ipso
710 1171 785 1232 Τ.
814 1172 1013 1232 Annio
1040 1182 1262 1234 tantum
1289 1172 1714 1249 tibi-polliceor,
1744 1183 1801 1232 te
1839 1172 2074 1231 maioris
2114 1170 2309 1239 animi,

429 1268 740 1343 gravitatis,
768 1270 1123 1332 constantiae
1163 1270 1722 1347 benevolentiaeque
1762 1289 1903 1346 erga
1943 1279 2017 1341 te,
2056 1270 2107 1329 si
2146 1286 2310 1329 com·

430 1364 602 1440 plecti
639 1365 936 1428 hominem
968 1368 1231 1438 volueriS,
1258 1367 1592 1430 habiturum
1629 1385 1757 1427 esse
1800 1367 2128 1438 neminem3
2169 1366 2312 1427 mihi

430 1478 567 1520 vero
628 1473 854 1526 tantum
919 1465 1161 1536 decoris,
1218 1475 1446 1528 tantum
1500 1465 1793 1541 dignitatis
1849 1464 2195 1535 adiunxeris,
2249 1474 2314 1524 ut

431 1559 681 1618 eundem
709 1570 766 1621 te
793 1562 957 1622 facile
986 1580 1303 1639 agnoscam
1332 1561 1507 1621 fuisse
1535 1563 1595 1621 in
1623 1562 1795 1621 laude
1822 1580 1972 1633 mea,
2000 1561 2102 1639 qui
2137 1559 2312 1620 fueris

431 1655 491 1714 in
520 1656 715 1720 salute.
800 1674 853 1734 5.
882 1660 1033 1736 Ego,
1057 1661 1114 1718 ni
1137 1671 1193 1720 te
1215 1661 1407 1720 videre
1426 1660 1651 1731 scirem,
1673 1678 1811 1720 cum
1832 1660 1908 1719 ad
1930 1670 1986 1719 te
2001 1659 2147 1719 haec
2174 1659 2312 1718 scri-

429 1753 644 1827 berem,
666 1768 947 1833 quantum
968 1758 1137 1817 officii
1159 1758 1521 1826 sustinerem,
1542 1767 1764 1833 quanto
1792 1774 1969 1834 opere
1997 1756 2141 1816 mihi
2159 1766 2314 1817 esset

432 1851 491 1910 in
519 1850 626 1911 hac
655 1855 930 1929 petitione
959 1855 1197 1916 Milonis
1233 1855 1397 1914 omni
1427 1872 1551 1913 non
1576 1855 1757 1915 modo
1786 1854 2178 1923 contentione,
2207 1852 2311 1912 sed

431 1951 604 2012 etiam
629 1950 999 2016 dimicatione
1013 1953 1450 2023 elaborandum,
1471 1953 1638 2030 plura
1659 1954 2003 2014 scriberem:
2032 1970 2191 2012 nunc
2211 1950 2313 2010 tibi

431 2070 670 2112 omnem
694 2071 816 2112 rem
844 2062 1015 2128 atque
1041 2070 1278 2111 causam
1305 2068 1519 2128 meque
1547 2061 1735 2110 totum
1760 2049 2114 2109 commendo
2141 2058 2314 2126 atque

430 2152 615 2210 trado.
656 2148 857 2208 Unum
877 2149 993 2212 hoc
1021 2150 1103 2208 sic
1132 2149 1384 2209 habeto:
1430 2150 1478 2207 si
1513 2167 1551 2207 a
1577 2157 1634 2206 te
1660 2148 1813 2208 hanc
1838 2166 1964 2209 rem
1985 2148 2313 2223 impetrato,

430 2265 527 2309 me
554 2265 742 2324 paene
767 2246 898 2323 plus
919 2246 1018 2304 tibi
1039 2265 1215 2321 quam
1236 2247 1348 2322 ipsi
1368 2246 1577 2305 Miloni
1607 2246 1933 2325 debiturum
1955 2263 1976 2319 3
2014 2261 2136 2303 non
2156 2242 2315 2301 enim

432 2344 574 2404 mihi
614 2353 732 2402 tam
771 2361 904 2401 mea
943 2343 1098 2402 salus
1139 2363 1275 2404 cara
1315 2344 1438 2412 suit.
1469 2345 1529 2403 in
1567 2362 1685 2420 qua
1718 2343 2026 2419 praecipue
2067 2358 2198 2400 sum
2238 2341 2314 2399 ab

433 2442 531 2501 illo
561 2441 804 2511 adiutu3‚
834 2456 1010 2516 quam
1039 2442 1223 2518 pietas
1267 2442 1374 2501 erit
1402 2442 1461 2500 in
1490 2439 1791 2501 referenda
1818 2439 2000 2515 gratia
2027 2437 2311 2506 iucunda3

432 2558 563 2599 eam
592 2549 786 2598 autem
813 2538 982 2597 unius
1010 2540 1091 2597 tui
1119 2539 1309 2598 studio
1337 2527 1435 2599 me
1462 2537 1704 2614 adsequi
1731 2555 1905 2614 posse
1932 2534 2186 2596 confide.

887 2695 1015 2772 31.ι
1064 2713 1178 2772 AD
1220 2709 1612 2774 ATTICUM
1653 2709 1731 2771 V.
1779 2728 1871 2770 11.

595 2827 728 2891 Sca.
769 2828 1036 2888 Amms
1074 2845 1165 2887 Pa.
1206 2826 1414 2887 Nonas
1457 2825 1788 2898 Qum-mars
1829 2841 2000 2886 mac.
2038 2835 2177 2898 703.

1036 2951 1243 2995 crczao
1283 2951 1499 2994 unco
1539 2948 1665 2992 su..

522 3066 572 3108 1.
614 3047 757 3118 Hm,
786 3047 1073 3108 totiensne
1108 3066 1205 3107 me
1242 3047 1457 3106 litteras
1493 3045 1725 3105 dedisse
1765 3043 2035 3114 Romam,
2063 3060 2202 3103 cum
2243 3046 2319 3104 ad

430 3156 489 3206 te
529 3145 715 3205 nullas
755 3145 998 3205 darem?
1079 3147 1159 3207 At
1199 3162 1337 3203 vero
1377 3143 1623 3221 posthac
1665 3141 1875 3201 frustra
1913 3143 2110 3218 potius
2147 3142 2317 3213 dabo,

429 3261 622 3320 quam,
664 3242 714 3302 si
761 3252 916 3301 recte
961 3243 1084 3301 dari
1131 3242 1442 3319 potuerint,
1485 3241 1847 3301 committam
1890 3249 1954 3298 ut
2000 3257 2121 3298 non
2163 3238 2314 3298 dem.

426 3341 520 3399 Ne
556 3340 855 3416 provincia
890 3341 1061 3399 nobis
1098 3350 1461 3416 prorogetur,
1491 3358 1597 3416 per
1634 3339 1927 3399 fortunas!
1970 3338 2114 3397 dum
2156 3335 2313 3406 ades,

425 3438 702 3516 quicquid
739 3438 1023 3515 provideri
1052 3444 1241 3516 potest,
1271 3437 1546 3516 provide:
1589 3455 1713 3497 non
1753 3436 1867 3496 dici
1895 3445 2107 3515 potest,
2136 3451 2313 3510 quam
