2642 3925
321 261 408 325 Ep.
437 239 553 331 μ]
648 260 876 311 EPIST.
922 259 1022 309 AD
1063 260 1514 311 FAMILIARES
1562 263 1713 316 vm.
1763 267 1861 329 14·
2085 259 2212 332 117

319 429 492 470 suurn
533 428 889 487 quemquam
927 421 1047 470 tam
1090 413 1278 472 oderit
1313 432 1492 490 quam
1541 432 1654 485 me,
1682 424 1856 489 atque
1892 431 1965 472 eo
2002 414 2210 490 magiS,

320 503 484 580 quod
525 523 630 580 per-
676 505 943 567 iniuriam
984 506 1092 565 sibi
1134 517 1297 584 putat
1342 516 1682 584 auguratum
1726 516 2007 582 ereptum,
2047 507 2212 567 cuius

318 621 436 679 ego
490 613 694 661 auctor
747 602 973 663 fuerim.
1075 603 1251 664 Nunc
1305 604 1442 664 furit
1486 615 1605 663 tam
1659 605 1891 679 gavisos
1944 603 2214 663 homines

231 728 244 735 ·
319 719 491 782 suum
519 700 783 759 dolorem
809 717 1112 778 unumque
1144 702 1328 762 modo
1362 720 1461 761 me
1499 701 1907 762 studiosiorem
1933 701 2212 761 Antonii:

318 816 457 859 nam
514 797 627 858 Cn.
669 797 1047 860 Saturninum
1098 799 1529 859 adulescentem
1585 799 1712 875 ipse
1767 797 1879 858 Cn.
1917 798 2214 859 Domitius

318 913 487 954 reum
522 895 677 967 fecit,
706 913 847 955 sane
874 914 1053 972 quam
1095 897 1388 975 superiore
1415 916 1453 957 a
1476 896 1594 956 vita
1628 897 2007 968 invidiosum;
2052 897 2213 972 quod

318 992 596 1052 iudicium
637 1011 796 1053 nunc
837 994 898 1051 in
941 994 1375 1070 exspectatione
1417 1004 1526 1067 est,
1564 995 1740 1054 etiam
1779 994 1841 1052 in
1881 996 2040 1053 bona
2087 1012 2210 1071 spe,

318 1101 456 1168 post
487 1090 621 1149 Sex.
651 1090 939 1149 Peducaei
967 1090 1413 1151 absolutionem.
1499 1110 1554 1151 2.
1593 1090 1688 1151 De
1718 1110 1948 1151 summa
1975 1111 2035 1150 re
2062 1092 2215 1168 pub-

318 1190 432 1249 lica
458 1207 634 1264 saepe
673 1189 776 1247 tibi
804 1188 1025 1264 scripsi,
1061 1206 1160 1247 me
1200 1207 1458 1248 annuam
1498 1206 1708 1265 pacem
1751 1208 1875 1249 non
1915 1190 2127 1261 videre,
2154 1198 2215 1256 et

320 1305 441 1364 quo
468 1286 709 1363 propius
747 1303 819 1344 ea
852 1285 1167 1352 contentiO,
1195 1302 1373 1361 quam
1410 1287 1533 1346 fieri
1569 1304 1814 1358 necesse⁸
1837 1297 1944 1359 est,
1971 1288 2212 1360 accedit,

320 1403 397 1444 eo
425 1384 633 1444 clarius
661 1383 721 1442 id
761 1383 1085 1459 periculum
1110 1394 1368 1460 apparet.
1450 1384 1825 1460 Propositum
1860 1384 1977 1444 hoc
2004 1395 2110 1457 est,
2137 1385 2216 1445 de

320 1501 460 1559 quo,
515 1481 617 1559 qui
668 1498 860 1540 rerum
914 1480 1230 1555 potiuntur,
1287 1491 1423 1541 sunt
1488 1481 1825 1554 dimicaturi,
1882 1484 2043 1561 quod
2099 1482 2212 1544 Cn.

321 1580 638 1657 Pompeius
667 1558 964 1638 constitui't
1004 1597 1128 1637 non
1166 1580 1287 1654 pati
1315 1578 1385 1639 C.
1414 1578 1727 1643 Caesarem
1768 1581 2066 1642 consulem
2107 1584 2214 1641 ali*

318 1691 412 1740 ter
448 1678 588 1749 fieri,
630 1676 743 1735 nisi
782 1675 1099 1735 exercitum
1140 1685 1198 1735 et
1239 1677 1563 1752 provincias
1604 1677 1934 1751 tradiderit3
1977 1678 2213 1739 Caesari

321 1787 518 1838 autem
558 1790 900 1851 persuasum
943 1782 1031 1832 est
1076 1791 1141 1832 se
1195 1773 1420 1836 salvum
1465 1792 1596 1836 esse
1638 1792 1761 1836 non
1805 1792 2000 1852 posse,
2040 1778 2102 1834 si
2135 1779 2212 1836 ab

322 1874 579 1934 exercitu
625 1872 946 1931 recesserit.
1027 1870 1163 1929 Fert
1216 1872 1373 1930 illam
1422 1882 1620 1931 tamen
1673 1857 2118 1944 condicionem·
2147 1884 2218 1934 ut

323 1976 504 2032 ambo
561 1969 845 2030 exercitus
899 1969 1145 2046 tradant.
1244 1969 1339 2028 Sic
1395 1970 1474 2028 illi
1530 1989 1761 2030 amores
1817 1982 1874 2030 et
1928 1971 2214 2031 invidiosa

256 2100 261 2105 ·
323 2069 658 2132 coniunctio
702 2084 827 2126 non
867 2066 945 2125 ad
985 2067 1274 2126 occultam
1323 2068 1525 2128 recidit
1567 2062 2065 2139 obtrectationem,
2108 2070 2216 2132 sed

323 2170 401 2229 ad
426 2168 641 2227 bellum
679 2184 744 2225 se
771 2165 995 2240 erupit;
1036 2183 1246 2241 neque,
1274 2185 1539 2226 mearum
1578 2186 1771 2227 rerum
1810 2168 1952 2244 quid
1988 2168 2212 2227 consilii

324 2268 570 2345 capiam,
597 2263 861 2340 reperio;
905 2262 1066 2338 quod
1105 2281 1228 2323 non
1265 2265 1489 2339 dubito,
1516 2266 1658 2343 quin
1695 2277 1756 2324 te
1790 2284 2026 2344 quoque
2065 2265 2212 2329 haec

325 2363 661 2426 deliberatio
703 2360 776 2419 sit
815 2361 1231 2436 perturbatura.
1311 2363 1474 2424 Nam*
1517 2365 1659 2425 mihi
1701 2383 1836 2424 cum
1878 2365 2214 2425 hominibus

323 2465 414 2524 his
443 2472 502 2522 et
527 2459 713 2537 gratia,
738 2467 796 2518 et
824 2459 1193 2518 necessitudo
1221 2471 1350 2521 est:
1391 2480 1630 2525 causam
1667 2461 1842 2532 illam,
1870 2481 1995 2521 non
2020 2462 2211 2521 homi-

324 2580 432 2622 nes
459 2559 579 2618 odi.
664 2575 719 2632 3.
760 2554 912 2614 Illud
953 2564 1012 2613 te
1054 2573 1175 2615 non
1217 2558 1461 2618 arbitror
1502 2557 1721 2636 fugere,
1761 2559 1903 2635 quin
1943 2558 2212 2618 homines

325 2662 387 2719 in
429 2655 792 2717 dissensione
820 2654 1141 2714 domestica
1169 2655 1437 2728 debeant,
1465 2675 1642 2733 quam
1685 2657 1784 2716 diu
1826 2657 2062 2715 civiliter
2086 2657 2211 2715 sine

325 2756 500 2817 armis
542 2762 807 2824 certetur,
838 2751 1233 2811 honestiorem
1272 2754 1437 2830 sequi
1473 2764 1714 2830 partem,
1748 2754 1848 2812 ubi
1886 2753 1962 2812 ad
1994 2752 2211 2815 bellum

326 2866 385 2916 et
428 2862 616 2915 castra
662 2859 902 2909 ventum
951 2849 1035 2922 sit,
1082 2849 1416 2919 firmiorem,
1462 2860 1520 2910 et
1574 2851 1635 2910 id
1689 2850 1894 2909 melius
1944 2860 2210 2922 statuere,

326 2951 487 3031 quod
526 2949 706 3009 tutius
748 2948 839 3006 sit.
922 2946 996 3005 In
1035 2946 1146 3007 hac
1187 2948 1477 3009 discordia
1516 2948 1687 3006 video
1723 2946 1831 3006 Cn.
1864 2946 2210 3024 Pompeium

327 3059 593 3111 senatum
634 3045 852 3122 quique
891 3063 985 3104 res
1024 3044 1281 3107 iudicant
1321 3063 1524 3105 secum
1567 3045 1916 3117 habiturum,
1945 3046 2022 3105 ad
2063 3045 2213 3107 Cae·

322 3165 516 3210 sarem
559 3162 782 3215 omneS,
820 3143 921 3219 qui
961 3158 1096 3204 cum
1136 3143 1345 3201 timore
1388 3153 1486 3201 aut
1525 3142 1681 3202 mala
1722 3160 1828 3220 spe
1870 3144 2076 3215 vivant,
2116 3162 2213 3204 ac·

326 3259 612 3312 cessurOS,
667 3240 982 3300 exercitum
1043 3238 1461 3299 conferendum
1527 3257 1653 3299 non
1720 3258 1868 3303 esse,
1950 3239 2213 3300 Omnino

328 3342 473 3402 satis
506 3339 675 3414 spatii
718 3348 807 3397 est
844 3338 920 3396 ad
948 3337 1403 3396 considerandas
1444 3337 1739 3413 utriusque
1774 3338 1976 3414 copias
2016 3348 2076 3403 et
2113 3339 2213 3401 eli-

327 3437 584 3516 gendam
637 3445 883 3514 partem.
919 3453 1018 3515 „4.
1059 3435 1251 3511 Prope
1295 3434 1510 3498 oblitus
1557 3452 1707 3506 sum,
1752 3435 1913 3520 quod
1960 3437 2215 3499 maxime
