2642 3925
281 260 370 323 Ep.
402 246 515 330 ια]
700 260 927 313 εΡιετ.
968 258 1073 310 AD
1110 258 1564 311 rnatum
1599 258 1654 315 ι.
1697 264 1762 331 7.
2083 247 2170 334 69

282 410 891 487 cuiusquaminiuria.
968 410 2170 491 Magmaethmninumopiniodete,

280 526 501 584 magna
542 512 973 570 commendatio
1018 512 1388 583 liberalitatis,
1427 529 1648 587 magna
1691 510 1982 569 memoria
2021 528 2170 569 con-

283 606 505 665 sulatus
571 610 695 667 tui:
760 609 906 669 haec
968 611 1237 687 profecto
1288 611 1454 669 videa
1515 618 1738 688 quanto
1805 608 2173 685 expressiora

283 714 619 782 quantoque
646 708 949 767 illustriora
972 709 1167 768 fumra
1200 711 1334 780 sint,
1361 728 1502 769 cum
1539 709 1900 787 aliquantum
1929 726 2006 766 ex
2031 724 2176 784 pro-

282 802 473 860 vincia
498 817 672 881 atque
698 824 773 863 ex
800 805 1047 883 imperio
1072 808 1263 867 laudis
1288 806 1616 866 accesserit.
1696 804 2074 881 Quamquam
2111 814 2172 862 te

248 903 253 907 '
282 900 365 957 ita
422 917 624 976 gerere
676 903 814 962 volo
876 923 1029 981 quae
1080 923 1189 981 per
1240 905 1560 964 exercitum
1623 913 1800 980 atque
1861 901 2172 977 imperium

282 996 543 1072 gerenda
578 1010 729 1070 sunt,
756 1011 823 1059 ut
848 1001 995 1060 haec
1026 1003 1214 1061 multo
1245 1015 1384 1061 ante
1417 1002 1714 1072 meditere,
1741 1002 1859 1060 huc
1895 1010 1956 1058 te
1980 1017 2169 1076 pares

284 1094 432 1153 haec
472 1096 715 1172 cogiteS,
754 1100 833 1157 ad
874 1098 1021 1159 haec
1058 1096 1119 1158 te
1166 1118 1444 1159 exerceas
1487 1098 1964 1175 sentiasque-id
2007 1098 2172 1175 quod

286 1193 425 1267 quia
450 1211 680 1269 semper
710 1198 971 1272 sperasti,
1006 1215 1135 1256 non
1174 1197 1380 1256 dubito
1414 1199 1556 1274 quin
1589 1198 1836 1274 adeptus
1871 1194 2172 1271 intellegas

285 1300 426 1347 —te
466 1290 730 1351 facillime
762 1312 939 1369 posse
978 1296 1239 1354 obtinere
1280 1314 1578 1354 summum
1615 1306 1790 1371 atque
1831 1293 2174 1353 altissimum

286 1388 533 1463 gradum
572 1391 831 1452 civitatis.
912 1391 1085 1466 Quae
1124 1394 1366 1470 quidem
1407 1412 1545 1452 moe
1581 1392 1909 1453 cohortatio
1950 1409 2026 1450 ne
2065 1389 2172 1449 tibi

288 1486 475 1545 inanis
526 1498 627 1547 aut
680 1492 805 1549 sine
860 1509 1039 1550 oeusa
1090 1503 1364 1569 suscepta
1407 1492 1684 1563 videatur,
1726 1491 1824 1550 ina
1875 1509 1973 1549 me
2025 1490 2174 1549 ratio

288 1585 484 1657 movit,
516 1597 582 1644 ut
608 1597 665 1646 te
690 1606 767 1646 ex
792 1590 1006 1648 nostris
1032 1591 1253 1649 eventis
1290 1590 1701 1649 communibus
1731 1587 2174 1647 admonendum

288 1692 565 1758 putarem,
593 1693 659 1743 ut
684 1685 1103 1757 considerares,
1130 1686 1192 1745 in
1218 1688 1383 1745 omni
1407 1686 1628 1762 reliqua
1657 1687 1770 1743 vita
1801 1686 2014 1761 quibus
2049 1702 2176 1743 cre·

291 1780 474 1850 dereS‚
501 1799 652 1858 quos
678 1800 927 1841 cavereS.
1016 1802 1109 1844 10.
1152 1784 1338 1857 Quod
1373 1784 1576 1843 scribis
1613 1794 1672 1842 te
1697 1782 1843 1841 velle
1883 1782 2047 1852 scire,
2073 1782 2176 1857 qui

290 1878 363 1939 sit
388 1878 470 1936 rei
496 1880 763 1955 publicae
790 1890 987 1953 statim,
1016 1899 1249 1941 summa
1280 1881 1572 1940 dissensio
1608 1890 1711 1952 est,
1741 1879 1847 1938 sed
1875 1878 2174 1937 contentio

292 1977 519 2054 dispar;
560 1997 699 2036 nam
729 1980 831 2057 qui
866 1980 997 2056 plus
1033 1982 1265 2056 opibuS,
1292 1980 1487 2049 armis,
1515 1978 1778 2056 potentia
1805 1977 2012 2047 valent,
2040 1993 2177 2053 pro-

290 2073 497 2136 fecisse
565 2084 788 2134 tantum
854 2077 997 2135 mihi
1050 2077 1317 2136 videntur
1377 2076 1613 2135 stultitia
1671 2087 1731 2134 et
1791 2072 2179 2134 inconstantia

292 2172 762 2243 adversariorum,
804 2184 869 2232 ut
929 2176 1105 2232 etiam
1158 2174 1500 2233 auctoritate
1558 2174 1677 2233 iam
1730 2174 1862 2251 plus
1903 2172 2174 2231 valerent.

292 2269 497 2344 Itaque
523 2272 830 2346 perpaucis
857 2271 1293 2330 adversantibus
1318 2273 1540 2344 omnia,
1568 2289 1719 2350 quae
1756 2290 1833 2330 ne
1858 2289 1964 2348 per
1989 2288 2177 2348 popu-

192 2437 211 2452 ·
289 2366 411 2424 lum
450 2367 689 2442 quidem
729 2369 856 2426 sine
896 2369 1178 2428 seditione
1220 2387 1285 2428 se
1326 2371 1570 2446 adsequi
1610 2371 2045 2440 arbitrabantur,
2075 2387 2180 2445 per

171 2529 180 2538 ,
291 2473 557 2523 senatum
590 2465 888 2524 consecuti
929 2477 1095 2536 sunt3
1146 2484 1289 2525 nam
1327 2477 1388 2526 et
1425 2468 1778 2544 stipendium
1809 2466 2045 2527 Caesari
2079 2467 2178 2525 de-

290 2571 513 2620 cretum
540 2569 629 2618 est
656 2571 715 2621 et
742 2562 948 2621 decem
973 2562 1163 2640 legati,
1185 2574 1242 2623 et
1269 2581 1345 2622 ne
1371 2564 1502 2640 lege
1527 2564 1876 2640 Sempronia
1902 2564 2178 2624 succede-

288 2668 446 2716 retur
474 2656 640 2716 sacile
669 2659 987 2735 perfectum
1015 2671 1121 2718 est.
1210 2658 1396 2732 Quod
1422 2679 1496 2720 eo
1523 2661 1601 2720 ad
1626 2671 1684 2719 te
1712 2661 1940 2719 brevius
1969 2660 2178 2731 scribo,

291 2755 430 2830 quia
456 2772 551 2813 me
574 2767 756 2814 status
776 2757 872 2815 hic
893 2759 975 2816 rei
995 2757 1259 2834 publicae
1282 2776 1406 2816 non
1433 2758 1716 2818 delectat:
1752 2757 1944 2816 scribo
1963 2766 2178 2827 tamen,

290 2865 357 2912 ut
400 2865 457 2913 te
506 2853 876 2927 admoneam,
919 2857 1082 2932 quod
1120 2857 1265 2934 ipse,
1306 2856 1510 2916 litteris
1548 2855 1822 2914 omnibus
1863 2872 1901 2912 a
1940 2855 2183 2931 pueritia

293 2952 539 3023 dedituS,
560 2953 915 3028 experiendo
945 2964 1142 3013 tamen
1168 2955 1360 3030 magis
1385 2971 1564 3030 quam
1594 2951 1878 3012 discendo
1909 2951 2180 3027 cognovi,

292 3059 356 3107 tu
393 3057 469 3108 ,ut
519 3052 632 3110 tuis
686 3052 859 3109 rebus
913 3051 1151 3125 integris
1206 3051 1398 3110 discas
1446 3067 1637 3126 neque
1693 3048 1892 3108 salutis
1943 3039 2179 3109 nostrae

291 3147 577 3206 rationem
640 3147 971 3206 habendam
1032 3148 1204 3206 nobis
1268 3165 1400 3206 esse
1465 3147 1588 3206 sine
1646 3146 1924 3224 dignitate
1987 3163 2179 3222 neque

294 3245 587 3321 dignitatis
642 3246 766 3305 sine
822 3245 1027 3306 salute.
1128 3263 1155 3302 1
1171 3262 1223 3302 1.
1286 3242 1470 3316 Quod
1516 3243 1660 3304 mihi
1712 3245 1789 3305 de
1836 3244 1953 3302 filia
1998 3253 2056 3302 et
2104 3243 2179 3302 de

296 3341 640 3420 Crassipede
696 3343 1012 3420 gratularis,
1054 3359 1316 3419 agnosco
1359 3342 1779 3400 humanitatem
1831 3356 1992 3400 tuam
2048 3357 2176 3417 spe-

283 3457 480 3518 -roque
522 3449 581 3500 et
619 3450 760 3518 opto
802 3440 973 3500 nobis
1013 3440 1165 3502 hanc
1207 3440 1686 3500 coniunctionem
1709 3437 1988 3516 voluptati
2029 3437 2166 3498 fore.
