2642 3925
296 281 383 343 Ep.
416 264 525 350 91.]
700 275 1067 326 ΕΡιεπΑυ
1107 275 1553 328 FAMJLJARES
1601 276 1693 326 Vr.
1738 264 1800 329 6.
2068 278 2183 348 197

298 429 510 504 quibus
551 427 646 486 ille
689 427 738 486 si
777 428 1077 504 paruisset,
1107 438 1260 488 esset
1298 426 1395 488 hic
1434 428 1674 506 quidem
1713 426 1901 487 clarus
1940 425 2004 486 in
2050 438 2190 503 toga

298 537 359 585 et
399 528 689 603 princepS,
732 526 838 585 sed
878 537 1066 586 tantas
1107 545 1267 604 opes,
1311 538 1559 604 quantas
1613 544 1771 585 nunc
1824 526 2018 597 habet,
2066 543 2190 584 non

295 623 568 684 haberet:
610 625 870 684 eundum
906 626 969 683 in
1007 624 1358 703 Hispaniam
1385 627 1624 699 censui;
1665 625 1828 702 quod
1862 625 1910 684 si
1939 624 2188 695 fecisset,
2253 628 2261 639 '

297 723 459 782 civile
507 722 723 781 bellurn
766 723 988 781 nullum
1035 724 1282 782 omnino
1328 724 1547 784 fuisset.
1632 723 1947 783 Rationem
1991 722 2189 782 haberi

300 820 556 880 absentis
597 839 722 880 non
763 829 883 879 tam
923 820 1179 897 pugnavi
1217 831 1283 881 ut
1323 822 1536 893 liceret,
1575 839 1752 898 quam
1790 830 1871 891 ut,
1910 820 2190 897 quoniam

300 919 433 994 ipso
462 916 701 977 consule
729 929 1028 994 pugnante
1056 918 1308 995 populus
1336 920 1594 991 iusserat,
1614 918 1932 979 haberetur.
1996 917 2192 978 Causa

300 1027 431 1076 orta
471 1018 604 1077 belli
646 1027 769 1076 est:
818 1017 960 1093 quid
1001 1035 1115 1093 ego
1156 1018 1514 1095 praetermisi
1555 1028 1654 1106 aut
1693 1018 2049 1077 monitorum
2092 1027 2190 1075 aut

300 1116 700 1193 querelaruml
742 1134 879 1175 cum
899 1116 990 1176 vel
1016 1116 1435 1192 iniquissimam
1461 1134 1668 1195 pacem
1696 1116 2008 1175 iustissimo
2038 1115 2191 1174 bello

299 1214 663 1273 anteferrem.
736 1215 792 1273 6.
830 1212 1004 1273 Victa
1029 1223 1119 1272 est
1144 1215 1454 1273 auctoritas
1481 1232 1632 1285 mea,
1655 1231 1776 1272 non
1804 1223 1926 1273 tam
1952 1232 1989 1271 a
2016 1213 2190 1272 Pom·

300 1313 661 1389 peio-nam
687 1311 738 1370 is
765 1312 1366 1388 movebatur—quam
1395 1313 1470 1369 ab
1492 1312 1576 1383 iis,
1599 1311 1700 1388 qui
1728 1312 1874 1370 duce
1902 1311 2188 1389 Pompeio

301 1410 429 1469 freti
469 1418 969 1487 peropportunam
1007 1416 1067 1467 et
1101 1410 1274 1468 rebus
1312 1409 1648 1468 domesticis
1684 1419 1742 1468 et
1780 1408 2188 1486 cupiditatibus

302 1509 421 1568 suis
458 1509 609 1567 illius
644 1507 776 1566 belli
804 1506 1102 1566 victoriam
1139 1505 1264 1565 fore
1301 1503 1598 1583 putabant.
1685 1506 2032 1584 Susceptum
2068 1507 2195 1566 belm

301 1609 423 1667 lum
460 1616 547 1666 est
587 1605 919 1683 quiescente
957 1623 1071 1676 me,
1107 1604 1416 1681 depulsum
1451 1623 1525 1663 ex
1563 1604 1728 1664 Italia
1764 1616 2036 1664 manente
2074 1621 2188 1676 me,

300 1707 498 1783 quoad
526 1704 726 1800 potui3
770 1704 873 1762 sed
900 1702 1073 1761 valuit
1109 1703 1265 1779 apud
1292 1721 1390 1761 me
1428 1702 1557 1780 plus
1591 1703 1779 1780 pudor
1815 1720 1982 1762 meus
2010 1721 2190 1780 quam

299 1804 503 1873 timor3
552 1801 760 1876 veritus
800 1819 929 1859 sum
978 1800 1181 1859 deesse
1223 1799 1489 1876 Pompeii
1529 1801 1712 1871 saluti,
1760 1818 1902 1858 cum*
1938 1801 2039 1860 ille
2085 1802 2188 1860 ali-

299 1902 540 1979 quando
572 1918 694 1962 non
733 1899 1009 1959 defuisset
1044 1917 1226 1960 meae.
1309 1900 1516 1979 Itaque
1552 1899 1642 1959 vel
1678 1899 1873 1958 officio
1907 1899 1996 1958 vel
2033 1898 2191 1959 fama

298 2003 590 2060 bonorum
632 1998 723 2058 vel
771 1999 995 2075 pudore
1043 1999 1245 2070 victus,
1294 2009 1360 2057 ut
1412 1999 1474 2057 in
1529 1998 1735 2058 fabulis
1781 1998 2187 2076 Amphiaraus,

299 2100 383 2158 sic
424 2117 538 2174 ego
579 2097 836 2174 prudens
875 2106 933 2155 et
974 2097 1163 2156 sciens
1206 2103 1221 2129 ‘
1239 2096 1317 2155 ad
1359 2107 1582 2173 pestem
1620 2106 1754 2156 ante
1791 2097 2004 2156 oculos·
2028 2097 2189 2173 posi·

298 2197 445 2256 tam'
496 2214 626 2255 sum
675 2193 1013 2271 profectus;
1074 2213 1200 2270 quo·
1236 2194 1300 2253 in
1341 2195 1494 2253 bello
1535 2194 1673 2253 nihil
1715 2194 1936 2253 adversi
1981 2196 2189 2255 accidit

298 2313 423 2354 non
479 2294 850 2371 praedicente
893 2296 1009 2352 me.
1094 2306 1148 2367 7.
1190 2291 1330 2364 Qua
1375 2311 1437 2351 re
1487 2293 1783 2370 quoniam,
1830 2304 1893 2352 ut
1936 2311 2185 2371 augures

297 2404 359 2453 et
400 2391 675 2467 astrologi
718 2390 921 2460 solent,
956 2407 1068 2466 ego
1110 2408 1347 2468 quoque
1392 2410 1576 2468 augur
1617 2391 1883 2469 publicus
1924 2412 1998 2452 ex
2039 2394 2186 2453 meis

298 2489 693 2567 superioribus
748 2488 1053 2563 praedictis
1118 2488 1389 2547 constitui
1454 2490 1611 2565 apud
1667 2498 1723 2548 te
1787 2491 2187 2549 auctoritatem

296 2588 525 2664 augurii
565 2597 623 2645 et
663 2586 1029 2644 divinationis
1070 2603 1255 2651 meae,
1296 2585 1531 2644 debebit
1571 2586 1785 2645 habere
1827 2588 2004 2646 fidem
2045 2605 2183 2646 nos·

296 2696 386 2745 tra
413 2684 744 2761 praedictiO.
828 2681 970 2740 Non
1006 2682 1181 2759 igitur
1216 2701 1290 2740 ex
1329 2683 1476 2740 alitis
1513 2683 1768 2741 involatu
1804 2702 1913 2743 nec
1948 2702 1981 2742 e
2011 2694 2193 2745 cantu

296 2782 531 2842 sinistro
576 2781 810 2851 osciniS,
851 2790 916 2838 ut
962 2780 1024 2838 in
1072 2790 1273 2838 nostra
1314 2779 1620 2856 disciplina
1661 2789 1764 2851 est,
1806 2798 1918 2839 nec
1960 2798 2032 2839 ex
2089 2783 2185 2840 tri-

295 2879 489 2958 pudiis
549 2878 842 2938 solistimis
908 2887 1005 2935 aut
1069 2879 1305 2936 soniviis
1360 2878 1462 2936 tibi
1516 2895 1786 2955 auguror,
1836 2879 1941 2937 sed
1995 2878 2187 2939 habeo

297 2980 409 3037 alia
450 2977 638 3053 signa,
681 2993 831 3052 quae
873 2976 1211 3047 observem3
1260 2993 1410 3050 quae
1452 2974 1560 3033 etsi
1601 2992 1724 3033 non
1766 2985 1900 3033 sunt
1941 2977 2187 3036 certiora

296 3077 423 3146 illis,
481 3074 677 3132 minus
732 3084 928 3131 tamen
983 3073 1201 3131 habent
1253 3073 1345 3130 vel
1397 3073 1763 3132 obscuritatis
1817 3073 1907 3132 vel
1961 3076 2185 3134 erroriS.

299 3179 356 3234 8.
399 3173 696 3233 Notantur
746 3181 941 3230 autem
995 3170 1136 3229 mihi
1190 3170 1265 3230 ad
1321 3170 1697 3230 divinandum
1753 3172 1921 3248 signa
1975 3172 2190 3249 duplici

297 3273 557 3351 quadarn
624 3270 733 3340 via,
789 3287 1035 3344 quarum
1103 3268 1342 3327 alteram
1411 3269 1565 3327 duco
1625 3287 1660 3328 e
1722 3268 1973 3328 Caesare
2041 3269 2189 3346 ipse,

302 3372 544 3430 alteram
585 3386 620 3426 e
663 3378 993 3443 temporum
1035 3366 1284 3425 civilium
1333 3377 1536 3425 natura
1577 3377 1749 3443 atque
1797 3369 2035 3428 ratione.
2119 3367 2192 3428 In

303 3466 561 3530 Caesare
630 3465 777 3524 haec
844 3475 1013 3525 sunt:
1083 3464 1236 3524 mitis
1298 3464 1669 3544 clemensque
1732 3474 1951 3538 natura,
2008 3467 2193 3544 qualis
