2642 3925
330 251 422 313 Ep.
456 235 568 318 54]
743 245 974 299 EPIST.
1017 249 1117 298 AD
1157 247 1491 300 ATTIGUM
1538 251 1691 300 Vnt.
1738 259 1798 323 3.
2096 255 2215 326 135

757 463 853 520 54.
935 448 1049 520 A'D
1090 449 1482 522 ATTICUM
1522 449 1695 522 'VIIL
1736 467 1790 520 3.

328 572 460 634 Sca.
477 591 542 633 m
560 591 716 634 Aeno
739 573 982 635 Camino
1003 594 1058 634 A.
1071 595 1123 635 n.
1146 595 1223 636 xr.
1241 575 1566 636 Kanum
1587 575 1864 635 Man-ruis
1884 591 2051 635 Anac.
2073 586 2207 648 705.

955 699 1161 742 memo
1202 699 1415 743 A'rnco
1454 698 1577 743 SAL.

412 811 462 852 1.
504 792 771 854 Maxmls
797 803 857 853 et
881 794 1216 853 'miserrimis
1243 797 1416 854 rebus
1443 795 1824 872 perturbatus„
1848 813 1982 854 cum
2010 811 2208 852 coram

320 897 516 949 tecum
543 892 686 949 mihi
714 901 970 967 potestas
1008 893 1359 952 deliberandi
1392 912 1515 952 non
1548 905 1717 966 esset,
1748 894 1831 954 uti
1868 905 2066 954 tamen
2102 903 2204 950 tuo

320 988 567 1046 consilio
631 988 784 1047 volui
809 1008 827 1060 3
898 979 1230 1048 deliberatio
1291 999 1486 1049 autem
1550 993 1744 1052 omnis
1798 993 1944 1052 haec
1998 1000 2101 1062 est,
2158 991 2207 1048 si

321 1085 636 1162 Pompeius
677 1085 840 1144 Italia
876 1086 1062 1158 cedat,
1092 1083 1253 1163 quod
1290 1095 1427 1146 eum
1456 1088 1739 1148 facturum
1768 1107 1897 1149 esse
1926 1090 2203 1166 suspicor,

319 1183 462 1259 quid
497 1181 636 1242 mihi
675 1183 970 1259 agendum
1007 1194 1192 1259 putes,
1221 1194 1295 1256 et,
1326 1199 1445 1261 quo
1484 1185 1705 1246 facilius
1734 1187 2039 1246 consilium
2068 1187 2203 1244 dare

319 1281 528 1356 possis,
558 1280 698 1356 quid
739 1281 800 1338 in
837 1291 1140 1358 utramque
1177 1289 1401 1358 partem
1440 1282 1580 1340 mihi
1618 1285 1678 1342 in
1714 1295 1972 1342 mentem
2000 1285 2204 1354 veniat,

319 1377 624 1452 explicabo
666 1379 839 1436 brevi.
929 1398 980 1437 2.
1025 1378 1178 1438 Cum
1229 1381 1433 1438 merita
1480 1380 1743 1456 Pompeii
1793 1397 2022 1446 summa
2070 1399 2207 1456 erga

321 1476 566 1534 salutem
619 1491 812 1534 meam
868 1477 1351 1552 familiaritasque,
1394 1494 1543 1554 quae
1599 1479 1739 1536 mihi
1794 1486 1929 1537 cuin
1978 1495 2051 1536 eo
2100 1487 2204 1547 est,

319 1583 444 1632 tum
497 1571 626 1648 ipsa
678 1574 760 1631 rei
812 1573 1080 1650 publicae
1135 1581 1312 1632 causa
1365 1591 1463 1633 me
1518 1575 1767 1647 adducit,
1815 1577 1877 1634 ut
1929 1575 2071 1634 mihi
2117 1575 2207 1633 vel

319 1667 628 1730 consilium
659 1687 857 1730 meum
897 1687 1032 1730 cum
1073 1671 1221 1730 illius
1260 1672 1517 1742 consilio,
1549 1673 1637 1730 vel
1675 1673 1907 1731 fortuna
1938 1691 2057 1731 mea
2082 1681 2205 1730 cum

319 1767 477 1826 illz‘us
485 1769 738 1846 fortuna
777 1769 1195 1844 coniungenda
1226 1784 1357 1828 esse
1396 1768 1669 1828 videatur.
1752 1771 1997 1829 Accedit
2033 1770 2203 1829 illude

321 1867 370 1924 si
397 1877 609 1925 maneo
639 1877 698 1925 et
727 1866 888 1924 illum
917 1866 1257 1924 comitatum
1285 1867 1642 1942 optimorum
1672 1876 1730 1925 et
1756 1867 2203 1926 clarissimorum

319 1965 530 2025 civium
551 1965 776 2033 desem,
799 1965 1130 2025 cadendum
1159 1972 1248 2022 est
1275 1965 1337 2021 in
1365 1966 1533 2023 unius
1560 1966 1929 2046 potestatem,
1952 1966 2067 2042 qui,
2098 1966 2204 2025 etsi

317 2062 511 2120 multis
538 2062 710 2120 rebus
739 2062 1026 2137 significat
1054 2080 1118 2121 se
1146 2062 1316 2120 nobis
1346 2076 1475 2119 esse
1503 2062 1772 2133 amicum,
1794 2072 1853 2120 et
1878 2070 1944 2121 ut
1970 2074 2138 2133 esset,
2168 2082 2203 2122 a

317 2175 414 2218 me
442 2168 730 2217 est—tute
759 2159 1192 2236 scissa—propter
1219 2158 1603 2235 suspitionem
1624 2157 1793 2218 huius
1814 2159 2202 2235 impendentis

317 2256 674 2331 tempestatis
718 2256 902 2315 multo
943 2268 1078 2316 ante
1119 2258 1434 2334 provisum,
1468 2266 1665 2315 tamen
1708 2264 2017 2333 utrumque
2060 2275 2199 2317 con-

317 2352 690 2433 siderandum
739 2364 843 2424 est,
893 2363 952 2413 et
1000 2364 1219 2430 quanta
1265 2352 1413 2413 fides
1461 2354 1514 2412 ei
1571 2352 1644 2413 sit
1698 2354 1969 2413 habenda
2022 2364 2095 2427 et,
2153 2358 2202 2414 si

315 2452 568 2509 maxime
597 2451 959 2525 exploratum
988 2454 1060 2511 sit
1087 2468 1222 2511 eum
1252 2453 1424 2511 nobis
1453 2452 1705 2511 amicum
1739 2452 1882 2524 fore,
1912 2452 2059 2511 sitne
2097 2454 2200 2511 viri

313 2548 476 2607 fortis
519 2560 578 2607 et
618 2548 759 2606 boni
797 2548 939 2607 civis
974 2564 1104 2608 esse
1141 2550 1202 2607 in
1239 2568 1310 2608 ea
1346 2550 1489 2609 urbe
1528 2550 1589 2607 in
1622 2566 1754 2625 qua,
1784 2566 1917 2608 cum
1956 2552 2200 2609 summis

313 2646 635 2705 honoribus
689 2646 1062 2721 imperiisque
1116 2662 1256 2705 usus
1311 2648 1402 2717 sit,
1448 2660 1538 2706 r‘es
1595 2648 1879 2705 maximas
1935 2647 2193 2722 gesserit,

315 2742 642 2803 sacerdotio
686 2742 759 2800 sit
795 2744 1156 2819 amplissimo
1193 2745 1503 2821 praedituS,
1531 2760 1752 2803 nomen
1794 2743 2032 2812 futuruS‚
2062 2744 2195 2801 sub-

313 2838 688 2915 eundumque
729 2837 1046 2915 periculum
1087 2842 1176 2911 sit,
1218 2859 1353 2899 cum
1394 2838 1587 2916 aliquo
1630 2840 1751 2899 fore
1800 2839 2106 2909 dedecore,
2151 2838 2199 2898 si

313 2936 552 3015 quando
581 2934 897 3012 Pompeius
930 2951 1055 2995 rem
1092 2938 1387 3013 publ-icam
1429 2938 1793 3014 recuperarit.
1881 2955 1935 3012 3.-
1978 2936 2051 2995 In
2090 2937 2199 2995 hac

311 3044 475 3112 parte
517 3034 663 3093 bae-o
707 3044 874 3107 sunt;
925 3032 1055 3093 vide
1105 3047 1277 3106 nunc,
1330 3044 1480 3111 quae
1526 3036 1639 3093 sint
1682 3036 1742 3093 in
1790 3036 1999 3094 alterat
2056 3034 2197 3092 nihil

311 3142 506 3191 actum
533 3142 621 3190 est
647 3147 685 3190 a
711 3132 994 3209 Pompeio
1022 3141 1224 3191 nostro
1253 3134 1558 3208 sapienter,
1577 3132 1716 3191 nihil
1744 3133 1963 3192 fortiter
1984 3153 2003 3205 3
2042 3132 2196 3190 addo

310 3234 504 3299 ctiam,
533 3229 672 3287 nihil
711 3230 822 3288 nisi
859 3240 1062 3289 contra
1100 3231 1407 3289 consilium
1446 3232 1957 3306 auctoritatemque
1984 3247 2195 3287 meam.

312 3326 540 3387 Omitto
569 3327 665 3385 illa
693 3337 907 3397 vetera,
939 3328 1099 3403 quod
1129 3328 1300 3386 istum
1329 3328 1389 3385 in
1429 3343 1551 3385 rem
1590 3328 1881 3404 publicam
1920 3326 2012 3384 ille
2060 3324 2198 3383 aluit

311 3424 486 3494 auxit,
533 3426 789 3496 armavit,
839 3424 930 3483 ille
983 3424 1208 3501 legibus
1264 3441 1369 3502 per
1417 3425 1533 3482 vim
1580 3434 1639 3483 et
1686 3435 1887 3483 contra
1936 3422 2193 3498 auspicia
