2642 3925
442 231 571 294 280
732 241 812 291 M.
846 241 911 290 T.
943 241 1323 291 crcmoms
1348 242 1459 291 ΒΡ.
1490 241 1591 290 An
1621 241 1797 292 ΕΔΜ.
1827 241 1896 292 x.
1937 245 2039 307 24

437 401 494 456 6.
545 396 1020 476 Sed—quicquid
1061 399 1166 458 tibi
1207 398 1418 469 scrib0,
1460 397 1725 457 dolenter
1765 397 2094 456 mehercule
2136 398 2332 473 magis

335 517 342 524 ·
435 512 615 572 quam
662 495 892 554 inimice
940 494 1338 572 facio—quod
1386 496 1521 553 vivit
1573 496 1867 554 Antonius
1920 494 2114 564 hodie,
2164 491 2335 569 quod

435 592 696 668 Lepidus
741 608 861 650 una
907 601 1012 663 est,
1063 593 1221 668 quod
1279 593 1564 652 exercitus
1618 594 1838 652 habent
1885 610 2008 651 non
2063 605 2332 651 contem-

435 690 682 760 nendos»,
711 688 873 765 quod
901 700 1151 766 sperant,
1179 689 1345 765 quod
1370 691 1606 762 audent,
1634 708 1815 749 omne
1842 689 2081 750 Caesari
2120 705 2331 762 accep-

436 797 560 846 tum
585 785 796 845 referre
825 795 1090 862 possunt.
1171 784 1385 863 Neque
1410 805 1527 863 ego
1554 789 1858 864 superiora
1884 798 2178 864 repetam;
2224 784 2333 844 sed

437 901 512 943 ex
547 902 622 942 eo
660 893 941 959 tempore,
971 900 1091 959 quo
1128 883 1256 959 ipse
1292 883 1435 942 mihi
1473 884 1773 961 profe‘ssus
1810 894 1900 944 est
1937 902 2002 944 se
2038 883 2254 953 venire,
2282 880 2333 939 si

436 981 630 1040 venire
667 981 958 1051 voluisset,
990 991 1090 1039 aut
1125 998 1474 1057 oppressum
1514 982 1633 1040 iam
1674 983 1893 1041 bellum
1934 991 2089 1040 esset
2130 990 2230 1039 aut
2270 980 2333 1036 in

437 1077 856 1137 aversissimam
883 1077 990 1136 illis
1019 1076 1367 1152 Hispaniam
1393 1096 1530 1137 cum
1558 1078 1907 1138 detrimento
1933 1096 2138 1138 eorum
2166 1095 2333 1135 max·-

437 1177 559 1233 imo
588 1184 897 1234 extrusum.
981 1173 1153 1246 Quae
1185 1192 1357 1234 mens
1393 1193 1547 1247 eum,
1574 1187 1675 1235 aut
1713 1195 1966 1253 quorum
2005 1175 2265 1244 consilia,
2296 1193 2334 1231 a

439 1283 601 1336 tanta
625 1273 824 1348 gloria,
854 1271 965 1331 sibi
991 1289 1128 1330 vero
1157 1271 1332 1330 etiam
1360 1272 1684 1332 necessaria
1711 1291 1782 1333 ac
1810 1272 2057 1344 salutari,
2078 1273 2334 1331 avocarit

440 1381 500 1429 et
551 1369 630 1430 ad
682 1369 1093 1445 cogitationem
1147 1369 1485 1429 consulatus
1537 1371 1827 1431 bimestris
1894 1388 2128 1431 summo
2194 1387 2332 1428 cum

439 1478 655 1525 terrore
681 1466 983 1524 hominum
1012 1476 1070 1525 et
1097 1465 1312 1524 insulsa
1340 1483 1477 1524 cum
1514 1466 1925 1543 efflagitatione
1959 1467 2331 1537 transtulerit,

441 1572 717 1639 exputare
745 1581 868 1622 non
895 1580 1154 1640 possum.
1227 1574 1282 1636 7.
1311 1561 1567 1622 Multum
1592 1564 1653 1622 in
1679 1565 1790 1623 hac
1815 1583 1878 1623 re
1906 1563 2046 1622 mihi
2066 1565 2333 1624 videntur

442 1660 753 1720 necessarii
799 1660 924 1718 eius
964 1669 1022 1718 et
1062 1659 1144 1718 rei
1184 1660 1450 1736 publicae
1491 1670 1550 1718 et
1590 1661 1774 1737 ipsius
1820 1679 1998 1721 causa
2045 1663 2333 1738 proficere

438 1775 647 1835 posse;
703 1758 1032 1835 plurimum,
1079 1766 1144 1815 ut
1189 1766 1353 1833 pute,
1401 1767 1466 1816 tu
1512 1775 1768 1834 quoque,
1817 1759 1981 1817 cuius
2030 1759 2121 1818 ille
2170 1769 2333 1818 tanta

442 1857 646 1915 merita
673 1856 864 1926 habet,
893 1864 1113 1932 quanta
1145 1872 1327 1912 nemo
1364 1866 1592 1930 praeter
1628 1873 1762 1927 me;
1807 1874 2131 1932 numquam
2170 1859 2331 1916 enim

440 1955 744 2016 obliviscar
783 1955 1038 2013 maxima
1077 1971 1148 2013 ac
1194 1951 1444 2029 plurima
1489 1971 1588 2012 me
1632 1953 1737 2013 tibi
1784 1954 2013 2014 debere.
2097 1954 2191 2014 De
2239 1956 2332 2023 his

440 2058 613 2115 rebus
658 2064 725 2113 ut
771 2055 1028 2129 exigeret
1073 2069 1208 2111 cum
1257 2068 1350 2122 e0,
1389 2051 1610 2110 Furnio
1655 2053 1948 2112 mandavi.
2030 2053 2216 2126 Quod
2264 2057 2331 2127 si,

349 2198 362 2209 .
441 2163 720 2230 quantam
769 2151 974 2222 debe0,
1017 2149 1276 2208 habuero
1316 2149 1476 2225 apud
1512 2165 1650 2207 eum
1691 2151 2109 2222 auctoritatem,
2155 2152 2331 2229 pluri-

441 2268 602 2309 mum
643 2250 835 2326 ipsum
875 2248 1090 2307 iuvero.
1175 2248 1230 2305 8.
1279 2244 1409 2304 Nos
1450 2245 1666 2303 interea
1706 2246 1937 2305 duriore
1980 2248 2333 2310 condicione

441 2346 656 2405 bellum
722 2346 1088 2416 sustinemu8‚
1141 2342 1304 2421 quod
1362 2360 1556 2419 neque
1610 2332 2104 2419 expeditissimam
2162 2347 2334 2405 dimi-

439 2446 731 2506 cationem
772 2454 1043 2521 putamus
1067 2435 1275 2517 'neque
1323 2449 1522 2498 tamen
1569 2440 1912 2515 refugiendo
1962 2444 2333 2505 commissuri

442 2560 658 2608 sumus,
687 2550 752 2600 ut
787 2540 973 2599 maius
1010 2538 1420 2598 detrimentum
1453 2555 1547 2597 res
1575 2538 1808 2613 publica
1835 2540 2100 2616 accipere
2129 2545 2333 2618 possit.

443 2639 624 2712 Quod
651 2639 700 2699 si
737 2647 837 2697 aut
873 2636 1092 2696 Caesar
1129 2651 1194 2695 se
1231 2634 1548 2711 respexerit
1586 2644 1684 2692 aut
1717 2633 2029 2695 Africanae
2068 2638 2339 2713 legiones

441 2738 700 2799 celeriter
742 2734 1017 2805 venerint,
1061 2749 1297 2793 securos
1343 2748 1451 2791 vos
1499 2732 1575 2790 ab
1623 2731 1735 2791 hac
1782 2744 1945 2809 parte
2000 2736 2339 2797 reddemus,

441 2834 558 2906 Tu,
585 2845 651 2893 ut
687 2832 995 2904 instituisti,
1023 2848 1120 2889 me
1161 2829 1368 2905 diligas
1408 2846 1558 2906 rogo
1603 2832 1953 2909 proprieque
1996 2842 2165 2891 tuum
2206 2852 2341 2894 esse

441 2932 543 2992 tibi
572 2931 937 3010 persuadeas.
1017 2926 1096 2988 V.
1124 2925 1261 2988 Kal.
1289 2926 1450 2987 Sext.
1479 2944 1555 2986 ex
1584 2927 1804 2987 castris
