2642 3925
291 290 380 352 Ep.
401 299 484 353 99,
509 270 657 355 ωας]
713 283 945 334 EPIST.
986 284 1084 332 An
1126 281 1571 331 FAMILIARES
1619 282 1710 331 νι.
1745 286 1801 334 2.
2062 285 2187 352 213

291 459 430 500 eum
471 440 750 510 dolorem,
782 457 960 516 quem
998 457 1032 498 e
1068 447 1129 498 re
1158 437 1392 514 publica
1429 437 1617 513 capio,
1646 437 1860 497 domus
1894 435 2014 494 iam
2050 452 2190 494 con-

293 539 470 598 solari
537 547 733 614 potest
801 555 912 596 nec
983 537 1371 595 domesticum
1438 553 1533 594 res
1598 534 1846 612 publica.
1930 552 1984 610 3.
2050 531 2191 606 Quo

295 637 487 712 magis
542 647 599 694 te
656 645 934 711 exspecto
983 644 1158 712 teque
1205 633 1401 691 videre
1446 651 1627 710 quam
1674 633 1930 709 primum
1982 632 2191 707 cupio:

293 737 484 793 maior
521 732 664 791 mihi
704 733 912 792 levatio
955 731 1164 790 adferri
1203 731 1363 790 nulla
1402 741 1597 807 potest
1636 749 1814 808 quam
1856 729 2191 790 coniunctio

296 830 736 892 consuetudinis
765 846 1221 906 sermonumque
1258 839 1593 888 nostrorum
1609 848 1635 901 ;.
1669 845 2026 906 quamquam
2059 845 2193 904 spe·-

295 933 503 991 rabam
542 940 708 987 tuum
749 927 1230 988 adventum—sic
1272 928 1434 986 enim
1482 929 1867 987 audiebam—
1876 927 2195 1003 adpropin-

217 1029 224 1035 “
299 1045 500 1105 quare.
582 1025 716 1102 Ego
741 1036 941 1084 autem
970 1042 1105 1084 cum
1133 1025 1330 1084 multis
1360 1026 1433 1084 de
1463 1025 1652 1085 causis
1683 1035 1739 1083 te
1767 1035 1985 1101 exopto
2014 1043 2194 1102 quam

299 1129 555 1204 primum
597 1125 810 1194 videre,
852 1134 977 1182 tum
1018 1124 1210 1194 etiam,
1252 1134 1319 1182 ut
1360 1133 1494 1182 ante
1544 1133 2007 1182 commentemur
2046 1124 2197 1182 inter

300 1243 431 1296 n03,
461 1242 578 1300 qua
605 1223 827 1280 ratione
856 1221 1030 1280 nobis
1059 1220 1481 1280 traducendum
1515 1223 1589 1280 sit
1615 1221 1729 1280 hoc
1756 1231 2005 1298 tempuS‚
2034 1221 2196 1300 quod

301 1335 392 1382 est
433 1333 622 1381 totum
665 1321 741 1379 ad
768 1321 938 1379 unius
965 1320 1321 1378 voluntatem
1363 1320 1933 1378 accommodandum
1974 1330 2034 1379 et
2060 1337 2196 1396 pru-

303 1422 495 1481 dentis
522 1431 580 1478 et
608 1418 856 1478 liberalis
882 1429 955 1489 et,
985 1429 1049 1476 ut
1076 1418 1676 1494 perspexisseyideor,
1704 1437 1817 1478 nec
1842 1439 1881 1478 a
1907 1436 2003 1477 me
2024 1418 2195 1477 alieni

301 1530 362 1578 et
389 1519 494 1576 tibi
519 1516 871 1576 amicissimi.
954 1514 1135 1586 Quod
1174 1534 1309 1574 cum
1351 1517 1431 1575 ita
1467 1516 1555 1586 sit,
1584 1534 1834 1592 magnae
1872 1527 2069 1576 tamen
2108 1527 2198 1575 est

302 1617 750 1688 deliberationiS,
786 1634 936 1693 quae
977 1615 1123 1674 ratio
1167 1615 1240 1674 sit
1280 1615 1537 1676 ineunda
1584 1617 1774 1687 nobis,
1817 1634 1939 1674 non
1984 1614 2197 1690 agendi

300 1715 536 1793 aliquid,
566 1715 672 1774 sed
698 1715 847 1773 illius
883 1714 1167 1774 concessu
1195 1725 1254 1772 et
1279 1714 1564 1773 beneficio
1594 1714 1945 1793 quiescendi.
2028 1711 2197 1774 vale.

687 1875 820 1930 100.
903 1869 1019 1928 ΑΙ)
1059 1869 1566 1929 FAMILIARES
1607 1869 1715 1930 VI.
1763 1888 1817 1930 2.

590 1986 724 2048 ScR.
766 1989 1049 2046 ASTURAE
1091 2006 1280 2047 MENSE
1320 1988 1535 2047 APR1L1
1574 2006 1741 2049 A.u.c.
1789 2000 1923 2065 709.

760 2111 823 2153 u.
866 2111 1073 2154 menno
1112 2112 1157 2153 s.
1202 2114 1258 2153 n.
1303 2114 1357 2153 A.
1404 2110 1737 2163 ToRQuA‘ro.

391 2226 442 2267 1.
485 2207 647 2267 Pmo
690 2226 725 2267 a
767 2218 825 2266 te
866 2226 941 2267 ne
984 2226 1080 2266 me
1121 2218 1292 2284 putes
1335 2208 1627 2267 oblivione
1668 2207 1751 2267 tui
1798 2209 1979 2268 rarius
2018 2209 2097 2269 ad
2136 2220 2196 2270 te

301 2306 568 2376 seribere,
597 2323 773 2381 quarn
813 2306 1093 2378 solebam,
1123 2306 1226 2365 sed
1253 2317 1353 2365 aut
1388 2307 1662 2383 gravitate
1689 2307 2048 2380 valetudinis,
2078 2327 2197 2386 qua

301 2417 501 2463 tamen
529 2403 646 2461 iam
673 2404 910 2479 paulum
939 2404 1136 2463 videor
1165 2405 1353 2475 levari,
1383 2417 1482 2463 aut
1510 2406 1673 2481 quod
1706 2406 1893 2465 absim
1929 2406 2005 2465 ab
2032 2407 2194 2477 urbe,

300 2511 383 2572 ut,
427 2500 528 2576 qui
572 2499 649 2558 ad
695 2510 753 2558 te
799 2500 1254 2577 proficiscantur,
1299 2502 1446 2561 scire
1494 2521 1617 2561 non
1658 2503 1919 2579 possim;
1975 2521 2095 2580 qua
2132 2522 2195 2562 re

299 2597 473 2656 velim
500 2599 579 2655 ita
607 2606 883 2656 statutum
911 2597 1146 2670 habeas,
1176 2618 1271 2658 me
1300 2601 1382 2658 tui
1410 2602 1754 2659 memoriam
1792 2618 1928 2659 cum
1965 2609 2198 2659 summa

300 2693 709 2753 benevolentia
749 2707 946 2755 tenere
988 2706 1232 2772 tuasque
1269 2716 1481 2756 omnes
1514 2715 1607 2756 res
1648 2715 1771 2756 non
1808 2698 2020 2755 minori
2056 2699 2198 2757 mihi

301 2810 477 2851 curae
506 2810 684 2868 quam
712 2812 875 2852 meas
903 2812 1050 2853 esse.
1139 2814 1188 2853 2.
1235 2794 1417 2865 Quod
1443 2795 1664 2853 maiore
1693 2795 1754 2853 in
1775 2796 2043 2854 varietate
2070 2813 2195 2854 ver-

301 2903 432 2953 sata
469 2904 558 2949 est
586 2890 775 2950 adhuc
804 2903 903 2951 tua
940 2910 1133 2963 causa,
1164 2910 1341 2969 quam
1369 2892 1639 2952 homines
1677 2903 1775 2951 aut
1801 2893 2070 2951 volebant
2097 2903 2198 2953 aut

300 2988 711 3063 opinabantur,
763 2989 904 3047 mihi
953 2991 1141 3060 crede,
1192 3008 1316 3049 non
1364 3002 1454 3049 est
1500 3008 1610 3068 pro
1651 2991 1819 3050 malis
1866 3001 2197 3069 temporum

303 3086 465 3163 quod
506 3087 749 3145 moleste
794 3088 988 3161 feras;
1032 3107 1274 3148 necesse
1316 3100 1406 3148 est
1453 3092 1612 3149 enim
1654 3100 1751 3148 aut
1792 3093 1966 3150 armis
2008 3094 2200 3167 urgeri

302 3202 430 3243 rem
485 3184 778 3259 publicam
835 3186 1202 3262 sempiternis
1254 3200 1355 3245 aut
1408 3187 1501 3245 his
1549 3188 1755 3264 positis
1809 3190 2051 3247 recreari
2100 3190 2201 3248 ali-

305 3282 543 3360 quando
581 3292 680 3341 aut
707 3282 964 3342 funditus
994 3283 1241 3344 interire.
1328 3284 1389 3343 Si
1417 3304 1581 3344 arma
1607 3285 1897 3357 valebunt,
1926 3304 2037 3345 nec
2078 3305 2204 3360 eOS,

307 3398 346 3438 a
379 3380 588 3454 quibus
622 3380 931 3456 recipieris,
963 3382 1142 3439 vereri
1182 3383 1361 3442 debes
1402 3402 1512 3443 nec
1553 3401 1674 3451 eos„
1709 3401 1859 3457 quos
1902 3382 2203 3457 adiuvisti3

312 3479 364 3541 si
398 3480 574 3539 armis
609 3488 710 3539 aut
751 3480 1098 3540 condicione
1127 3482 1335 3560 positis
1376 3492 1475 3541 aut
1518 3482 1927 3558 defatigatione
1969 3483 2206 3543 abiectis
