2642 3925
309 259 410 321 ΕΡ.
441 244 549 331 24]
711 258 931 309 Eptsn
978 258 1079 309 AD
1123 260 1364 325 QUINT.
1405 259 1547 310 ΕΒΔ
1560 259 1617 310 T.
1667 262 1741 309 11.
1787 267 1848 328 4.
2115 248 2159 313 6
2161 268 2203 338 3

519 516 616 573 24.
702 513 818 573 AD
880 514 1281 588 QmNTUM
1344 515 1747 575 FRATREM
1805 516 1885 575 11.
1949 534 2005 591 4.

608 626 739 688 Sex.
784 627 1001 689 Romu
1040 649 1230 691 msr.
1271 631 1519 691 Mam-10
1561 649 1729 691 Aac.
1775 632 1910 707 698.

722 752 950 795 naeus
990 754 1209 803 Qun-*To
1248 755 1466 796 mnu
1503 754 1791 796 saturnu.

406 866 457 908 1.
501 846 739 909 Snsrms
777 860 977 910 noster
1016 850 1311 911 absolutus
1353 861 1442 911 est
1481 870 1533 911 a.
1573 852 1628 911 d.
1663 869 1720 912 v.
1762 851 1905 911 Idus
1941 851 2201 925 Martias,

312 954 393 1017 et,
434 947 595 1022 quod
634 947 1002 1007 vehementer
1038 948 1290 1009 interfuit
1331 951 1412 1008 rei
1449 950 1731 1026 publicae,
1768 950 2000 1008 nullam‘
2021 951 2202 1009 videri

314 1046 381 1103 in
408 1044 532 1103 eius
559 1045 720 1104 modi
747 1065 922 1105 causa
962 1047 1383 1106 dissensionem
1428 1065 1573 1120 esse,
1602 1048 1876 1106 omnibus
1905 1048 2202 1107 sententiis

316 1142 619 1201 absolutus
659 1153 761 1202 est.
846 1143 1013 1213 Illud,
1056 1144 1216 1220 quod
1255 1144 1357 1203 tibi
1398 1163 1569 1204 curae
1617 1163 1795 1221 saepe
1849 1163 1978 1203 esse
2032 1145 2198 1203 intel-

313 1234 587 1306 lexeram,
629 1253 704 1295 ne
737 1237 830 1295 cui
871 1238 1069 1314 iniquo
1105 1239 1558 1316 relinqueremus
1594 1239 1953 1316 vituperandi
1984 1239 2199 1311 locum,

317 1332 422 1409 qui
474 1351 588 1391 nos
642 1334 897 1410 ingratos
953 1354 1080 1395 esse
1129 1337 1360 1407 diceret,
1407 1336 1517 1394 nisi
1565 1335 1715 1394 illius
1769 1336 2200 1412 perversitatem

320 1431 669 1506 quibusdam
710 1433 770 1490 in
809 1435 981 1492 rebus
1023 1451 1201 1510 quam
1242 1433 1659 1493 humanissime
1707 1433 2004 1504 serremu8‚
2055 1434 2203 1492 scito

318 1527 436 1587 hoc
496 1546 608 1588 nos
668 1529 729 1589 in
787 1549 860 1591 eo
921 1532 1132 1591 iudicio
1192 1542 1540 1591 consecutos
1601 1550 1748 1602 esse,
1812 1541 1876 1589 ut
1937 1532 2201 1590 omnium

310 1626 630 1700 gratissimi
663 1627 1078 1702 iudicaremur3
1121 1648 1260 1688 nam
1297 1630 1666 1688 defendendo
1704 1646 1943 1687 moroso
1981 1628 2203 1687 homini

322 1723 767 1784 cumulatissime
822 1726 960 1785 satis
1014 1725 1274 1799 fecimuS,
1330 1737 1406 1799 et,
1460 1727 1521 1786 id
1576 1726 1737 1804 quod
1794 1727 1886 1784 ille
1948 1728 2201 1785 maxime

322 1821 607 1897 cupiebat,
636 1822 949 1895 Vatinium,
980 1842 1015 1883 a
1048 1844 1180 1903 quo.
1202 1824 1394 1903 palam
1433 1824 1896 1901 oppugnabatur,
1931 1824 2204 1882 arbitratu

321 1930 524 1979 nostro
555 1921 915 1983 concidimus
940 1924 1030 1984 dis
1056 1922 1502 2001 hominibusque
1536 1920 1956 2000 plaudentibus·
2043 1919 2203 1994 Quin

323 2019 497 2076 etiam
542 2018 753 2079 Paulus
794 2031 993 2080 noster
1036 2040 1168 2081 cum
1215 2022 1374 2080 testis
1413 2021 1732 2097 productus
1772 2029 1928 2077 esset
1966 2019 2029 2077 in
2069 2019 2202 2078 Ses-

320 2117 483 2188 tium,
528 2118 887 2178 confirmavit
928 2138 991 2178 se
1034 2137 1250 2178 nomen
1279 2118 1496 2178 Vatinii
1530 2116 1869 2188 delaturum,
1911 2117 1960 2176 si
2002 2117 2205 2178 Macer

320 2213 577 2273 Licinius
605 2227 984 2288 cunctaretur,
1014 2226 1072 2275 et
1100 2215 1302 2274 Macer
1328 2218 1405 2273 ab
1436 2216 1604 2275 Sestii
1643 2214 1924 2273 subselliis
1963 2217 2205 2274 surrexit

321 2329 390 2369 ac
450 2331 512 2371 se
573 2313 649 2371 illi
708 2332 829 2373 non
893 2315 1217 2373 defuturum
1278 2314 1614 2373 adfirmavit.
1715 2311 1876 2385 Quid
1929 2313 2202 2390 quaeris?

318 2409 501 2469 homo
557 2411 821 2486 petulans
876 2422 934 2471 et
989 2413 1179 2470 audax
1236 2407 1556 2492 [Vatinius]
1614 2410 1781 2470 valde
1837 2413 2203 2488 perturbatus

324 2507 757 2585 debilitatusque
800 2508 1075 2568 discessit.
1164 2528 1217 2568 2.
1259 2508 1512 2582 Quintus
1555 2519 1705 2580 tuus,
1744 2527 1889 2585 puer
1930 2508 2200 2586 optimuS‚

325 2604 575 2663 eruditur
609 2606 879 2680 egregie:
920 2604 1036 2664 hoc
1063 2624 1217 2664 nunc
1244 2607 1434 2681 magis
1463 2607 1722 2665 animum
1750 2606 2006 2675 adverto,
2041 2604 2203 2680 quod

321 2701 622 2777 Tyrannio
667 2702 840 2761 docet
894 2703 1051 2779 apud
1104 2719 1217 2762 me.
1298 2703 1532 2762 Domus
1587 2703 1881 2778 utriusque
1936 2710 2200 2758 nostrum

324 2799 653 2857 aedificatur
685 2810 934 2858 strenue.
1018 2797 1401 2876 Redemptori
1437 2810 1540 2858 tuo
1583 2799 1886 2858 dimidium
1923 2798 2204 2874 pecuniae

328 2896 531 2955 curavi.
614 2896 798 2974 Spero
828 2914 938 2955 nos
968 2907 1101 2955 ante
1129 2897 1381 2956 hiemem
1417 2895 1859 2956 contubernales
1886 2893 2026 2954 fore.
2107 2893 2202 2954 De

326 3002 521 3051 nostra
572 2993 782 3062 Tullia,
838 2995 922 3052 tui
975 2993 1304 3054 mehercule
1367 2994 1780 3064 amantissima,
1836 3010 2033 3084 spero.
2067 3011 2203 3052 cum

328 3088 667 3166 Crassipede
724 3108 835 3150 nos
880 3091 1217 3150 confecisse.
1304 3091 1449 3150 Dies
1504 3101 1665 3150 erant
1721 3091 1857 3162 duo,
1913 3089 2012 3166 qui
2068 3098 2204 3165 post

325 3185 559 3246 Latinas
614 3188 901 3247 habentur
954 3187 1221 3264 religiosi
1226 3206 1249 3261 3
1313 3197 1571 3248 ceterum
1624 3187 1957 3250 confectum
2011 3186 2204 3248 Latiar

318 3293 456 3344 'erat-
