2642 3925
460 289 546 356 34
1001 285 1079 338 M.
1129 286 1369 335 Τυιιιι
1404 286 1607 335 crem
1615 284 1780 335 oms
2141 268 2281 353 [Pars
2303 280 2343 330 1.

459 452 671 514 rentur,
713 442 776 500 in
816 461 890 502 eo
940 442 1261 520 principem
1303 441 1548 501 Paulum
1587 442 1782 513 fuisse,
1824 458 2002 518 quem
2043 438 2348 499 constabat

462 557 535 598 eo
564 550 822 618 tempore
847 541 910 598 in
937 538 1291 599 Macedonia
1316 540 1512 601 fuisse.
1592 540 1687 599 Fit
1724 549 1961 598 senatus
1996 536 2347 603 consultum,

463 647 528 695 ut
566 637 810 709 Vettius,
854 638 1018 712 quod
1058 637 1364 696 confessus
1406 648 1560 696 esset
1601 654 1666 695 se
1706 654 1842 694 curn
1882 633 1998 694 telo
2045 634 2240 704 fuisse,
2286 633 2353 690 in

463 734 692 793 vincula
729 735 1105 793 coniic'eretur
1121 753 1139 807 3
1180 736 1279 810 qui
1308 752 1444 793 eum
1474 735 1778 806 emisisset,
1812 751 1948 791 eum
1985 740 2190 790 contra
2228 746 2353 787 rem

464 833 759 909 publicam
805 850 934 891 esse
976 832 1280 891 facturum.
1367 832 1487 891 Res
1536 842 1658 891 erat
1705 831 1767 889 in
1822 848 1894 889 ea
1946 828 2241 906 opinione,
2290 836 2356 883 ut

465 939 737 1007 putarent
771 929 833 987 id
864 947 993 988 esse
1028 939 1240 1000 actum,
1277 940 1343 987 ut
1371 928 1600 988 Vettius
1642 929 1704 986 in
1746 928 1878 987 foro
1920 945 2055 986 cum
2096 925 2355 1002 pugione

468 1038 528 1087 et
566 1029 708 1086 item
751 1027 898 1085 servi
938 1027 1061 1084 eius
1107 1026 1740 1102 comprehenderentur
1780 1043 1917 1083 cum
1958 1024 2104 1093 telis,
2146 1020 2357 1081 deinde

468 1126 564 1184 ille
612 1142 676 1183 se
722 1124 939 1182 diceret
984 1124 1386 1195 indicaturum,
1435 1125 1610 1200 idque
1654 1124 1735 1181 ita
1773 1122 1992 1182 factum
2032 1129 2202 1188 esset,
2245 1117 2359 1175 nisi

471 1221 758 1281 Curiones
818 1239 942 1288 rem
1000 1232 1133 1280 ante
1200 1222 1279 1280 ad
1346 1220 1696 1297 Pompeium
1756 1220 2118 1279 detulissent?
2196 1214 2359 1274 Tum

474 1329 707 1379 senatus
749 1319 1078 1377 consultum
1132 1320 1194 1377 in
1241 1320 1515 1378 contione
1570 1319 1872 1377 recitatum
1924 1326 2029 1376 est.
2109 1315 2359 1373 Postero

388 1479 393 1484 ,
475 1425 670 1474 autem
716 1416 810 1475 die
857 1415 1092 1488 Caesar,
1137 1417 1204 1487 is,
1254 1417 1355 1493 qui
1403 1415 1560 1487 olim,
1610 1424 1842 1491 praetor
1888 1431 2023 1473 cum
2070 1421 2242 1481 esset,
2281 1408 2361 1481 Q.

478 1511 751 1571 Catulum
802 1532 877 1572 ex
931 1513 1198 1572 inferiore
1254 1513 1391 1572 loco
1440 1514 1681 1571 iusserat
1738 1511 1947 1581 dicere,
1991 1509 2253 1568 Vettium
2301 1507 2363 1564 in

476 1620 661 1669 rostra
691 1610 962 1685 produxit
995 1628 1246 1686 eumque
1277 1610 1342 1667 in
1380 1626 1453 1668 eo
1489 1610 1622 1668 Ioco
1658 1609 1973 1679 constituit,
2002 1624 2121 1682 quo
2150 1604 2366 1664 Bibulo

476 1708 703 1767 consuli
735 1709 988 1784 aspirare
1025 1726 1149 1766 non
1177 1708 1391 1765 liceret.
1474 1705 1592 1765 Hic
1621 1706 1713 1764 ille
1742 1706 1958 1777 omnia,
1988 1722 2138 1781 quae
2167 1702 2367 1771 voluit,

480 1809 555 1868 de
607 1826 669 1866 re
724 1807 956 1884 publica
1012 1807 1171 1877 dixit,
1233 1814 1300 1864 ut
1357 1804 1456 1896 gui
1514 1804 1648 1892 illuc
1705 1804 1889 1862 factus
1954 1803 2371 1876 institutusque

478 1905 740 1965 venisset.
821 1903 1081 1963 Primum
1123 1897 1484 1980 Caepionem
1527 1885 1906 1960 dmione
1962 1918 2067 1960 sua
2121 1898 2369 1968 sustulit,

480 2022 657 2081 quem
681 2005 743 2062 in
770 2013 974 2062 senatu
1002 2002 1277 2061 acerrime
1306 2001 1654 2070 nominarat,
1693 2012 1758 2059 ut
1790 2007 2092 2075 appareret
2129 2007 2374 2056 noctem

483 2113 542 2161 et
580 2111 925 2159 nocturnam
968 2100 1438 2175 deprecationem
1478 2098 1871 2156 intercessisse
1886 2118 1903 2170 ;
1946 2096 2176 2166 deinde,
2217 2112 2377 2170 quos
2465 2077 2481 2091 ’

485 2200 548 2256 in
589 2207 793 2255 senatu
825 2214 903 2254 ne
938 2196 1277 2255 tenuissima
1310 2194 1548 2269 quidem
1588 2195 1908 2269 suspitione
1942 2193 2226 2267 attigerat,
2269 2208 2379 2250 eos

487 2292 839 2352 nominavit:
893 2292 1217 2362 Lucullum,
1265 2311 1304 2350 a
1350 2310 1469 2367 quo
1517 2293 1752 2350 solitum
1804 2311 1932 2351 esse
1980 2292 2055 2350 ad
2103 2309 2167 2350 se
2223 2290 2382 2349 mitti

489 2388 564 2449 C.
602 2388 906 2459 Fannium,
947 2387 1127 2458 illum,
1166 2388 1266 2463 qui
1307 2390 1370 2447 in
1411 2388 1473 2446 P.
1516 2387 1789 2446 Clodium
1830 2390 2262 2466 subscripserat,
2306 2388 2379 2446 L.

490 2485 835 2555 Domitium,
862 2485 1025 2542 cuius
1054 2484 1298 2543 domurn
1330 2486 1703 2543 constitutam
1731 2486 1930 2556 fuisse,
1958 2488 2117 2546 unde
2147 2488 2384 2562 eruptio

489 2583 691 2654 fieret3
733 2599 831 2639 me
859 2598 983 2639 non
1009 2581 1346 2649 nominavit,
1368 2582 1471 2639 sed
1506 2581 1647 2649 dixit
1684 2584 2048 2642 consularem
2079 2584 2385 2655 disertum,

492 2679 745 2738 vicinum
779 2675 1050 2747 consul-is,
1098 2677 1205 2734 sibi
1254 2677 1469 2736 dixisse
1502 2678 1749 2736 Ahalam
1794 2679 2092 2738 Servilium
2124 2679 2389 2756 aliquem

495 2787 611 2835 aut·
641 2774 886 2832 Brutum
928 2790 1081 2849 opus
1129 2790 1258 2831 esse
1313 2774 1579 2848 reperi1÷3
1645 2774 1862 2833 addidit
1906 2774 1981 2832 ad
2034 2786 2389 2848 extremum,

496 2890 636 2933 curn
668 2872 784 2929 iam
816 2871 1056 2928 dimissa
1091 2869 1366 2928 contione
1401 2878 1703 2928 revocatus
1737 2888 1774 2928 a
1799 2868 2032 2928 Vatinio
2067 2872 2291 2944 fuisset,
2323 2891 2394 2931 se

499 2968 731 3028 audisse
767 2986 804 3024 a
841 2966 1101 3026 Curione
1134 2965 1225 3024 his
1262 2964 1338 3023 de
1376 2965 1549 3023 rebus
1592 2966 1889 3023 conscium
1930 2986 2059 3026 esse
2086 2966 2395 3040 Pisonem,

498 3081 783 3143 generum
823 3081 1038 3132 meum,
1078 3072 1139 3120 et
1177 3060 1264 3121 M.
1306 3060 1702 3119 Laterensem.
1745 3100 1754 3117 x
1783 3079 1837 3132 4.
1882 3062 2057 3121 Nunc
2089 3083 2225 3124 reus
2265 3077 2399 3125 erat

500 3159 662 3237 apud
691 3157 968 3217 Crassum
1004 3157 1257 3216 Divitem
1284 3156 1515 3215 Vettius
1558 3157 1630 3214 de
1661 3157 1716 3214 vi
1748 3167 1823 3226 et,
1862 3177 1995 3216 cum
2024 3171 2179 3219 esset
2221 3162 2400 3220 dam-

493 3264 692 3322 -natuS,
739 3260 861 3308 erat
915 3251 1191 3308 indicium
1237 3249 1667 3325 postulaturus;
1711 3252 1871 3325 quod
1915 3252 1966 3310 si
2005 3253 2401 3330 impetrasset,

476 3349 718 3413 iudicia
768 3348 894 3407 fore
947 3347 1323 3405 videbantur:
1383 3364 1456 3404 ea
1502 3361 1631 3414 nOS,
1663 3355 1870 3437 3320?
1914 3350 2012 3424 qui
2059 3351 2200 3409 nihil
2244 3370 2401 3412 con-

498 3457 761 3506 temnere
794 3444 1108 3515 soleamuS,
1141 3461 1250 3500 non
1288 3440 1764 3515 contemnebamus,
1794 3446 1890 3502 sed
1924 3463 2048 3504 non
2085 3449 2403 3524 pertimes-
