2642 3925
338 265 344 270 ·
442 246 570 313 270
992 243 1070 294 Μ.
1122 243 1365 293 TULLII
1406 244 1612 293 crem
1620 243 1784 293 oms
2098 232 2237 315 [Pars
2266 246 2330 294 v,

440 401 796 461 transierunt.
879 399 1115 472 Quibus
1170 401 1345 459 rebus
1394 418 1509 476 ego
1553 400 1805 476 cognitis
1860 408 2162 461 cunctatus
2205 418 2331 459 non

442 516 606 569 sum3
639 500 699 555 in
725 516 898 558 cursu
922 499 1214 557 bonorum
1237 498 1613 557 consiliorum
1630 496 1919 573 Lepidum
1942 495 2333 556 adiuvandum

441 597 653 674 putavi.
741 615 792 671 3.
836 596 1138 654 Adventus
1179 614 1347 654 meus
1389 596 1530 671 quid
1571 595 1934 672 profecturus
1975 606 2143 667 esset,
2178 596 2330 666 vidi;

439 695 530 753 vel
571 694 733 770 quod
774 694 1032 768 equitatu
1076 710 1212 751 meo
1254 693 1527 769 persequi
1567 692 1873 751 Antonium
1916 704 2089 770 atque
2127 692 2332 768 *oppriff

441 810 601 850 mere
643 792 962 867 equitatum
1003 790 1129 849 eius
1171 808 1429 867 possem,
1467 790 1557 848 vel
1596 790 1760 867 quod
1800 791 2086 849 exercitus
2126 788 2334 863 Lepidi

440 908 573 948 eam
608 898 850 966 partem,
881 906 1031 963 quae
1073 898 1346 963 corrupta
1387 898 1474 947 est
1515 898 1574 950 et
1608 889 1682 946 ab
1710 905 1771 946 re
1800 889 2032 963 publica
2071 887 2332 958 alienata,

442 998 500 1045 et
535 988 826 1063 corrigere
869 996 927 1044 et
969 992 1239 1045 coercere
1277 988 1605 1062 praesentia
1645 987 1761 1045 mei
1796 987 2085 1045 exercitus
2117 994 2332 1061 posset.

444 1085 651 1162 Itaque
679 1085 741 1143 in
768 1085 945 1154 Isara,
976 1084 1214 1142 flumine
1242 1085 1522 1157 maximo,
1550 1084 1713 1160 quod
1741 1084 1800 1142 in
1829 1084 2038 1143 finibus
2066 1096 2155 1141 est
2176 1082 2335 1140 Allo-

443 1185 713 1260 brogum,
762 1193 944 1260 ponte
1001 1201 1123 1241 uno
1175 1182 1268 1241 die
1318 1182 1475 1242 facto
1528 1183 1846 1241 exercitum
1893 1201 1945 1241 a.
1975 1182 2031 1241 d.
2059 1200 2164 1240 1111.
2194 1181 2336 1239 Idus

444 1279 637 1340 Maias
680 1281 925 1340 traduxi.
1010 1279 1164 1339 Cum
1191 1299 1330 1340 vero
1369 1281 1511 1339 mihi
1552 1280 1879 1339 nuntiatum
1919 1290 2072 1338 esset
2106 1278 2176 1337 L.
2211 1279 2337 1335 An-

443 1379 671 1438 tonium
727 1379 1113 1455 praemissum
1186 1396 1321 1438 cum
1392 1378 1678 1455 equitibus
1746 1388 1805 1436 et
1858 1377 2192 1436 cohortibus
2260 1376 2336 1435 ad

443 1475 662 1535 Forum
687 1477 821 1535 Iulii
854 1478 1098 1549 venisse,
1129 1477 1364 1536 fratrem
1404 1494 1541 1536 cum
1582 1476 1842 1553 equitum
1879 1486 2148 1552 quattuor
2187 1475 2337 1533 mili-

443 1573 571 1644 buS,
631 1583 697 1634 ut
752 1585 1081 1634 occurreret
1135 1576 1206 1646 ei,
1250 1575 1383 1633 misi
1441 1593 1492 1634 a.
1535 1574 1591 1634 d.
1634 1593 1685 1632 v.
1729 1573 1872 1632 Idus
1928 1572 2155 1645 Maia83
2210 1573 2336 1648 ipse

444 1671 715 1732 maximis
758 1673 1057 1732 itineribus
1100 1691 1232 1731 cum
1275 1681 1548 1749 quattuor
1587 1671 1912 1747 legionibus
1955 1671 2237 1746 expeditis
2277 1679 2335 1727 et

444 1757 666 1846 reliquo
708 1771 966 1846 equitatu
1009 1771 1345 1846 subsequar.
1432 1789 1488 1841 4.
1539 1769 1599 1829 Si
1644 1786 1755 1827 nos
1798 1769 2107 1827 mediocris
2151 1767 2333 1826 modo

447 1863 680 1925 fortuna
720 1868 801 1925 rei
843 1869 1108 1944 publicae
1150 1867 1440 1939 adiuverit,
1468 1876 1530 1925 et
1569 1865 1845 1924 audaciae
1882 1866 2236 1942 perditorum
2277 1874 2334 1922 et

446 1973 678 2021 nostrae
708 1965 1106 2024 sollicitudinis
1133 1965 1227 2025 hic
1257 1967 1435 2024 finem
1468 1965 1840 2042 reperiemuS.
1923 1963 2084 2036 Quid
2112 1965 2160 2022 si
2185 1963 2332 2022 latro

446 2062 829 2137 praecognito
870 2072 1071 2122 nostro
1114 2064 1367 2122 adventu
1391 2081 1586 2122 rursus
1622 2063 1684 2120 in
1712 2062 1938 2121 Italiam
1980 2079 2043 2120 se
2076 2063 2331 2140 recipere

445 2161 720 2233 coeperit,
752 2158 912 2218 Bruti
941 2161 1046 2218 erit
1065 2160 1328 2220 officium
1356 2177 1655 2219 occurrere
1682 2160 1753 2231 ei,
1783 2161 1874 2217 cui
1902 2159 2023 2218 scio
2051 2177 2163 2217 nec
2190 2176 2332 2217 con-

444 2254 634 2313 silium
664 2274 773 2315 nec
807 2257 1069 2315 animum
1099 2258 1444 2317 defuturum.
1527 2257 1661 2333 Ego
1700 2266 1912 2328 tamen,
1942 2257 1992 2313 si
2019 2256 2078 2314 id
2106 2257 2332 2314 accide-

442 2353 532 2418 rit,
564 2351 799 2411 fratrem
841 2373 974 2412 cum
1013 2357 1269 2431 equitatu
1306 2358 1554 2428 mittam,
1585 2355 1682 2433 qui
1711 2365 1999 2430 sequatur,
2029 2352 2257 2412 Italiam
2298 2372 2334 2413 a
2406 2395 2413 2403 -

441 2450 764 2508 vastatione
793 2451 1082 2511 defendat.
1165 2453 1283 2512 Fac
1310 2454 1500 2512 valeas
1526 2471 1739 2529 meque
1764 2464 1970 2511 mutuo
1999 2451 2222 2527 diligas.

725 2613 855 2666 141.
940 2608 1053 2666 AD
1096 2606 1598 2669 FAMILIARES
1640 2608 1715 2669 X.
1762 2628 1838 2685 34
1885 2612 1947 2684 (1.
1981 2611 2060 2689 2).

569 2719 704 2807 Seu.
746 2741 809 2781 m
849 2741 1080 2782 cAsrurs
1120 2743 1199 2783 An
1227 2723 1476 2784 Pon-mn
1515 2724 1890 2785 ARGENTEUM
1930 2743 2008 2784 XI.
2048 2722 2208 2785 KAL-

1124 2820 1252 2881 Iun.
1292 2839 1462 2882 A.u.c.
1505 2834 1640 2896 711.

710 2943 775 2984 M.
819 2944 1059 2985 LEPIDUS
1100 2945 1221 2985 IMP.
1261 2945 1418 2986 1TER.
1460 2946 1626 2987 PONT-
1667 2946 1808 2987 mx.
1836 2945 1882 2988 S.
1910 2946 1966 2988 D.
1992 2945 2057 2987 Π.

1116 3040 1332 3082 TULLIO
1373 3041 1658 3085 CICERONI·

530 3150 576 3190 1.
626 3132 683 3191 S.
713 3151 770 3192 v.
797 3152 849 3192 B.
879 3153 931 3193 E.
962 3153 1017 3193 E.
1046 3153 1100 3196 v.
1185 3135 1338 3194 Cum
1362 3136 1657 3194 audissem
1685 3136 2010 3195 Antonium
2042 3155 2180 3196 eum
2212 3139 2332 3198 suis

442 3230 643 3303 copiis,
674 3232 995 3305 praemisso
1022 3231 1090 3290 L.
1119 3231 1382 3290 Antonio
1417 3250 1551 3289 cum
1581 3241 1742 3308 parte
1770 3234 2073 3308 equitatus,
2103 3235 2165 3293 in
2193 3253 2330 3310 pro-

445 3325 692 3383 vinciam
732 3344 926 3386 meam
965 3329 1178 3400 venire,
1222 3347 1357 3387 cum
1405 3329 1661 3388 exercitu
1701 3347 1838 3388 meo
1880 3331 1955 3388 ab
1999 3321 2328 3390 confluente

448 3411 548 3495 [ab
577 3417 895 3505 Rhodano]
935 3436 1120 3486 castra
1161 3428 1324 3487 movi
1364 3445 1432 3488 ac
1475 3438 1678 3487 contra
1718 3445 1821 3488 eos
1862 3430 2055 3489 venire
2096 3429 2327 3491 institui.
