2642 3925
169 267 180 278 .
278 268 363 330 Ep.
385 279 491 329 144,
517 247 647 334 145]
691 260 915 312 EPIST.
947 259 1045 310 An
1071 258 1525 310 FAMILIARES
1552 261 1650 309 xz.
1689 264 1754 334 13
1795 277 1844 311 a.
2032 262 2111 329 27
2115 266 2153 331 3

275 411 683 473 incolumitatis
712 429 950 470 causam
980 411 1288 489 suscipere,
1316 420 1382 470 ut
1408 427 1541 470 vere
1571 410 1778 480 dicam,
1806 410 2015 486 coegit.
2103 428 2160 474 2.

277 511 346 571 In
373 530 489 589 qua
515 528 578 568 re
605 527 719 586 ego
746 527 870 580 νος,
893 520 1085 585 patres
1114 510 1446 586 conscripti,
1469 526 1576 568 oro
1603 518 1778 584 atque
1805 509 2069 578 obsecro,
2097 519 2161 567 ut

276 609 504 685 privatis
530 606 953 665 offensionibus
982 606 1213 665 omissis
1247 623 1512 666 summae
1539 606 1621 664 rei
1648 605 1911 681 publicae
1950 623 2160 676 consu-

276 706 402 764 latis
445 723 591 764 neve
637 704 1096 762 misericordiam
1138 714 1400 763 nostram
1442 704 1838 780 exercitusque
1879 703 2060 762 nostri
2098 703 2160 760 in

275 802 420 862 civili
465 801 825 860 dissensione
871 802 1098 860 sceleris
1138 801 1271 861 loco
1312 803 1562 879 ponatis.
1647 801 1828 874 Quod
1872 801 1920 860 si
1962 801 2160 859 salutis

275 900 536 958 omnium
572 917 642 958 ac
677 898 969 975 dignitatis
996 899 1279 957 rationem
1308 899 1635 970 habueritiS,
1664 898 1869 957 melius
1910 907 1970 956 et
1995 897 2159 956 vobis

275 1008 331 1056 et
371 997 453 1055 rei
492 996 758 1074 publicae
800 995 1131 1056 consuletis.
1211 994 1288 1055 D.
1315 1014 1410 1075 111.
1431 995 1566 1056 Kal.
1593 993 1726 1055 Iun.
1754 1014 1792 1055 a
1826 995 2014 1055 Ponte
2055 994 2160 1052 Ar·

273 1104 505 1171 genten.
1865 1101 1870 1106 '

594 1253 727 1308 145.
809 1248 926 1307 AD
967 1248 1471 1309 FAMILIARES
1512 1249 1621 1320 XI.
1670 1269 1740 1327 13
1783 1268 1836 1311 a.

466 1383 523 1423 D.
566 1381 792 1424 BRUTUS
838 1381 955 1421 mP.
999 1380 1117 1423 COS.
1160 1381 1342 1424 DESIG.
1388 1381 1436 1424 S·
1476 1382 1535 1424 D.
1576 1382 1637 1424 M.
1684 1381 1967 1425 CICERONI·

362 1498 412 1538 1.
452 1477 570 1537 Lm
610 1493 735 1535 non
776 1493 891 1552 ago
931 1476 1033 1535 tibi
1074 1478 1324 1553 gratias;
1374 1477 1467 1537 cui
1507 1479 1665 1537 enim
1710 1497 1774 1538 re
1813 1479 1909 1537 vix
1949 1476 2159 1537 referre

275 1594 532 1666 possum,
560 1575 696 1634 huic
723 1575 911 1633 verbis
951 1591 1076 1632 non
1113 1576 1326 1651 patitur
1365 1593 1458 1635 res
1500 1575 1639 1634 satis
1666 1574 1825 1633 fieri:
1867 1574 2160 1635 attendere

273 1686 331 1734 te
363 1674 514 1744 vole,
556 1689 709 1748 quae
749 1671 811 1727 in
850 1671 1121 1730 manibus
1162 1682 1334 1743 sunt3
1376 1690 1495 1749 qua
1534 1674 1690 1731 enim
1733 1673 2037 1750 prudentia
2073 1690 2158 1741 eS,

273 1772 412 1830 nihil
454 1781 509 1829 te
552 1770 749 1845 fugiet,
780 1768 829 1827 si
876 1786 1039 1827 meas
1082 1769 1298 1830 litteras
1336 1771 1636 1848 diligenter
1675 1770 1897 1847 legeris.
1983 1770 2158 1846 Sequi

274 1868 581 1928 confestim
629 1865 957 1925 Antonium
1003 1866 1096 1925 his
1139 1867 1213 1926 de
1261 1869 1468 1940 causis,
1511 1868 1737 1939 Cicer0,
1787 1885 1911 1926 non
1958 1867 2157 1944 potui:

274 1984 433 2027 eram
503 1966 628 2024 sine
687 1964 991 2041 equitibus,
1051 1964 1177 2024 sine
1243 1967 1548 2040 iumentis3
1619 1965 1876 2024 Hirtium
1940 1966 2159 2042 perisse

274 2064 640 2135 nesciebam3
684 2060 920 2121 Caesari
947 2079 1070 2121 non
1096 2064 1410 2130 credebam
1435 2064 1610 2142 prius,
1641 2082 1819 2141 quam
1856 2064 2157 2122 convenis-

274 2179 400 2220 sem
441 2171 500 2220 et
541 2159 862 2219 collocutus
904 2176 1113 2220 essem.
1200 2179 1258 2220 2.
1296 2161 1415 2220 Hic
1456 2161 1583 2221 dies
1621 2161 1735 2220 hoc
1778 2160 1961 2220 modo
2001 2162 2156 2220 abiit.

273 2257 517 2317 Postero
574 2257 670 2333 die
721 2274 897 2315 mane
951 2275 989 2316 a
1031 2256 1226 2317 Pansa
1277 2260 1409 2318 sum
1463 2260 1767 2319 arcessitus
1812 2258 2158 2318 Bononiam.

276 2354 430 2414 Cum
468 2356 529 2413 in
563 2355 762 2414 itinere
797 2373 1006 2426 essem,
1042 2357 1366 2415 nuntiatum
1400 2357 1539 2416 mihi
1576 2368 1666 2416 est
1697 2374 1834 2417 eum
1865 2367 2160 2420 mortuum

275 2472 421 2513 esse.
506 2452 748 2511 Recurri
785 2452 861 2510 ad
894 2470 1057 2511 meas
1100 2454 1396 2530 copiolas;
1438 2456 1522 2515 sic
1562 2456 1718 2514 enim
1746 2470 1876 2514 vere
1917 2472 2018 2515 eas
2056 2474 2161 2531 ap-

272 2551 490 2628 pellare
527 2566 805 2624 possum:
849 2559 983 2608 sunt
1015 2552 1523 2611 extenuatissimae
1565 2562 1622 2612 et
1659 2553 1860 2629 inopia
1897 2553 2159 2611 omnium

271 2666 467 2708 rerum
494 2647 747 2722 pessime
773 2657 1066 2722 acceptae.
1149 2647 1343 2707 Biduo
1379 2666 1476 2708 me
1504 2648 1796 2708 Antonius
1836 2651 2157 2717 antecessit,

271 2746 479 2805 itinera
500 2743 684 2802 multo
711 2743 933 2802 maiora
954 2742 1181 2818 fugiens
1208 2762 1384 2821 quam
1413 2763 1528 2820 ego
1557 2764 1839 2823 sequens:
1881 2746 1971 2805 ille
2000 2749 2156 2804 enim

270 2844 334 2901 iit
397 2826 632 2918 passim,
689 2857 803 2916 ego
872 2841 1196 2902 ordinatim.
1251 2877 1264 2889 ·
1281 2841 1670 2920 Quacumque
1736 2844 1817 2915 iit,
1872 2833 2158 2921 ergastula

270 2939 461 3009 solvit,
490 2937 759 3019 homines
789 2936 1050 3012 adripuit,
1066 2924 1335 2999 *constitit
1361 2957 1650 3017 nusquam
1677 2943 1849 3018 prius,
1879 2962 2056 3020 quam
2084 2945 2160 3002 ad

269 3036 445 3095 Vada
471 3034 628 3093 venit
643 3053 658 3105 ;
704 3051 881 3109 quem
907 3034 1101 3092 locum
1121 3035 1254 3094 volo
1283 3037 1387 3094 tibi
1415 3056 1542 3097 esse
1570 3048 1803 3099 notum:
1845 3042 1990 3101 iacet
2012 3042 2159 3102 inter

269 3132 697 3210 Appenninum
721 3140 778 3189 et
798 3131 998 3207 AlpeS,
1016 3127 1469 3207 inpeditissimus
1486 3137 1560 3195 ad
1581 3138 1686 3197 iter
1705 3138 2050 3199 faciendum.
2102 3161 2155 3216 3.

270 3228 428 3290 Cum
458 3230 723 3287 abessem
753 3229 826 3286 ab
853 3246 926 3286 eo
954 3229 1109 3287 milia
1135 3248 1415 3305 passuum
1440 3251 1573 3293 xxx.
1601 3245 1658 3294 et
1685 3253 1748 3295 se
1773 3237 1968 3295 eiiam
1996 3236 2156 3296 Ven-

268 3326 449 3384 tidius
492 3325 905 3394 coniunxisset,
936 3327 1134 3384 contio
1175 3329 1298 3387 eius
1338 3330 1415 3388 ad
1454 3350 1549 3390 me
1591 3341 1679 3391 est
1718 3333 1923 3404 adlata,
1952 3334 2012 3391 in
2040 3353 2157 3411 qua

271 3433 471 3499 petere
512 3422 707 3498 coepit
734 3439 770 3480 a
810 3422 1101 3495 militibus,
1136 3435 1199 3484 ut
1236 3444 1298 3485 se
1339 3436 1499 3486 trans
1526 3429 1706 3505 Alpes
1742 3443 2152 3509 sequerentur;

1194 3539 1237 3584 τ
