2642 3925
251 273 488 358 Ep.·52.]
592 287 822 338 EPIST.
864 285 967 337 An
1005 285 1453 336 FAMJLJARES
1494 286 1642 336 xm.
1696 291 1795 340 12.
2024 292 2147 358 133

245 441 603 520 Accepimus
639 443 1032 517 condicioneS,
1062 445 1167 504 sed
1193 444 1290 514 ita,
1316 452 1383 504 ut
1414 454 1710 503 removeat
1748 442 2039 520 praesidia
2064 461 2141 502 ex

245 541 316 599 iis
344 541 502 612 locis,
532 558 682 616 quae
711 542 1032 615 occupavit,
1060 551 1124 600 ut
1151 541 1274 600 sine
1301 552 1464 600 metu
1491 541 1565 600 de
1592 541 1681 600 his
1710 541 1852 617 ipsis
1881 539 2140 599 condici-

245 639 459 697 onibus
488 638 718 698 Romae
748 649 984 698 senatus
1010 638 1209 698 haberi
1236 640 1443 716 possit.
1525 658 1581 711 4.
1623 638 1696 697 Id
1724 638 1815 697 ille
1844 638 1893 696 si
1922 636 2142 708 fecerit,

245 753 383 810 spes
419 745 508 794 est
549 737 730 811 pacis,
756 754 878 795 non
906 735 1431 812 honestae—leges
1463 737 1621 796 enim
1662 737 2140 814 imponuntur-7

246 832 351 892 sed
399 832 624 910 quidvis
669 842 757 892 est
803 833 1010 892 melius
1057 852 1237 910 quam
1290 835 1377 894 sic
1430 852 1560 895 esse
1607 844 1673 893 ut
1727 851 1946 894 sumus,
2032 829 2136 890 Sin

243 940 444 989 autem
473 930 565 988 ille
604 930 722 989 suis
762 930 1204 992 condicionibus
1235 941 1387 992 stare
1424 932 1689 1004 noluerit,
1718 932 1935 990 bellum
1972 947 2139 1005 para-

245 1038 371 1086 tum
399 1037 505 1100 est,
534 1027 660 1086 eius
687 1027 850 1100 modi
883 1037 1098 1099 tamen,
1126 1030 1289 1105 quod
1332 1030 1613 1089 sustinere
1652 1029 1745 1089 ille
1783 1046 1908 1087 non
1936 1026 2139 1104 possit,

243 1126 586 1201 praesertim
614 1143 750 1184 cum
788 1144 825 1183 a
861 1125 982 1185 suis
1017 1127 1462 1186 condicionibus
1502 1128 1630 1204 ipse
1658 1126 1886 1203 fugerit,
1915 1135 2141 1184 tantum

244 1223 431 1283 modo
478 1233 544 1282 ut
583 1241 720 1282 eum
761 1223 1229 1295 intercludamuS,
1271 1243 1350 1284 ne
1391 1225 1465 1284 ad
1505 1225 1709 1284 urbem
1751 1225 1936 1301 possit
1976 1239 2141 1280 acce-

247 1322 403 1392 dere,
433 1322 593 1398 quod
621 1323 1002 1398 sperabamus
1029 1323 1153 1382 fieri
1180 1341 1391 1400 posse3
1434 1322 1677 1383 dilectus
1705 1322 1860 1381 enim
1890 1335 2142 1396 magnos

245 1419 608 1480 habebamus
634 1420 1102 1497 putabamusque
1129 1421 1291 1479 illum
1319 1431 1592 1487 metuere,
1624 1419 1672 1479 si
1714 1420 1791 1480 ad
1825 1421 2030 1478 urbem
2058 1416 2141 1475 ire

248 1506 552 1592 coepisset,
595 1535 670 1576 ne
713 1514 934 1576 Gallias
974 1518 1278 1590 amitteret,
1306 1536 1457 1596 quas
1498 1511 1701 1577 ambas
1742 1516 1919 1576 habet
1955 1515 2141 1574 inimi-

250 1613 512 1673 cissimas
578 1623 805 1691 praeter
867 1613 1345 1691 TranspadanOS,
1416 1633 1491 1673 ex
1561 1614 1967 1691 Hispaniaque
2038 1630 2140 1671 sex

247 1709 514 1786 legiones
567 1722 626 1771 et
678 1730 896 1790 magna
951 1713 1162 1772 auxilia
1209 1711 1454 1772 Afranio
1510 1722 1571 1771 et
1611 1712 1841 1771 Petreio
1898 1709 2141 1769 ducibus

249 1809 426 1868 habet
466 1827 503 1869 a
543 1819 742 1886 tergo:
784 1810 1022 1882 videtur,
1053 1811 1103 1870 si
1142 1811 1406 1882 insaniet,
1436 1830 1613 1888 posse
1654 1809 1923 1888 opprimi,
1943 1808 2142 1879 modo

249 1919 316 1969 ut
342 1909 482 1968 urbe
512 1908 685 1969 salva.
745 1896 1092 1969 ¹Maximam
1120 1919 1315 1969 autem
1342 1910 1579 1986 plagam
1613 1909 1855 1985 accepit,
1884 1906 2045 1984 quod
2073 1906 2147 1978 is,

254 2009 353 2085 qui
395 2025 686 2066 summam
727 2008 1128 2067 auctoritatem
1168 2008 1230 2067 in
1269 2008 1421 2067 illius
1463 2006 1717 2067 exercitu
1755 2006 2025 2076 habebat,
2066 2004 2140 2063 T.

252 2104 564 2175 Labienus,
593 2105 785 2163 socius
814 2104 1043 2164 sceleris
1071 2123 1200 2165 esse
1238 2106 1463 2164 noluit:
1506 2105 1734 2181 reliquit
1775 2102 1934 2161 illum
1970 2112 2027 2161 et
2066 2108 2147 2160 est

251 2203 580 2274 nobiscum,
608 2202 888 2278 multique
928 2202 1084 2260 idem
1128 2202 1331 2262 facturi
1373 2221 1503 2262 esse
1542 2203 1827 2262 dicuntur.
1911 2214 1965 2273 5.
2006 2198 2142 2275 Ego

253 2300 445 2359 adhuc
474 2317 612 2358 orae
638 2298 954 2358 maritimae
983 2318 1256 2375 praesum
1285 2319 1323 2359 a
1343 2299 1607 2358 Formiis
1687 2297 1929 2356 Nullum
1955 2298 2144 2356 maius

255 2397 559 2473 negotium
611 2396 905 2471 suscipere
959 2397 1131 2467 volui,
1188 2414 1309 2474 quo
1365 2397 1498 2474 plus
1553 2396 1711 2473 apud
1764 2396 1923 2454 illum
1977 2413 2146 2453 meae

254 2498 476 2555 litterae
517 2494 1068 2570 cohortationesque
1111 2494 1186 2553 ad
1234 2512 1441 2571 pacem
1483 2494 1772 2567 valerent;
1821 2494 1912 2552 sin
1952 2502 2147 2551 autem

216 2664 227 2669 ,
254 2595 362 2653 erit
389 2594 624 2663 bellum,
651 2592 820 2677 video
849 2611 942 2651 me
971 2592 1173 2651 castris
1209 2600 1268 2651 et
1304 2592 1475 2650 certis
1503 2592 1827 2667 legionibus
1855 2590 2145 2665 praefutu-

253 2710 402 2751 rum.
502 2690 714 2749 Habeo
769 2690 945 2763 etiam
999 2690 1157 2747 illam
1193 2689 1570 2771 ,molestiam
1627 2688 1790 2765 quod
1842 2686 2148 2747 Dolabella

255 2798 457 2849 noster
504 2786 662 2863 apud
707 2786 1020 2845 Caesarem
1065 2796 1168 2845 est.
1253 2784 1423 2844 Haec
1467 2786 1571 2844 tibi
1613 2794 1756 2843 nota
1800 2801 1933 2843 esse
1974 2783 2144 2853 volui,

255 2904 409 2964 quae
457 2902 596 2944 cave
647 2902 723 2941 ne
777 2867 836 2942 te
889 2884 1226 2959 perturbent
1279 2892 1341 2943 et
1394 2883 1715 2959 impediant
1760 2879 2149 2940 valetudinem

201 2988 206 2995 '
255 2996 436 3043 tuam.
520 2982 575 3040 6.
615 2980 749 3058 Ego
775 2981 850 3038 A.
872 2980 1137 3051 Varroni,
1167 2997 1346 3056 quem
1375 2998 1512 3039 cum
1539 2979 2005 3038 amantissimum
2031 2978 2149 3035 mei

257 3078 528 3157 cognovi,
555 3090 679 3137 tum
708 3078 882 3137 etiam
909 3077 1075 3135 valde
1116 3078 1200 3135 tui
1238 3076 1583 3146 studiosum,
1612 3075 2047 3151 diligentissime
2092 3085 2149 3133 te

258 3176 682 3246 commendavi,
724 3185 790 3233 ut
828 3184 887 3233 et
928 3172 1266 3233 valetudinis
1315 3183 1448 3233 tuae
1490 3173 1773 3232 rationem
1814 3172 2052 3232 haberet
2094 3181 2152 3229 et

258 3273 643 3350 navigationis
691 3280 750 3329 et
797 3280 984 3330 totum
1031 3280 1091 3329 te
1138 3272 1458 3349 susciperet
1504 3290 1573 3331 ac
1630 3280 1918 3331 tueretur.
1974 3286 2152 3344 quem

261 3372 462 3432 omnia
488 3370 772 3427 facturum
801 3366 1074 3439 confid03
1116 3368 1335 3443 recepit
1368 3370 1525 3428 enim
1564 3379 1621 3427 et
1654 3385 1888 3427 mecum
1926 3366 2153 3424 locutus

263 3479 354 3531 est
388 3465 742 3527 suavissime.
824 3464 941 3536 Tu,
984 3464 1264 3540 quoniam
1307 3482 1383 3524 eo
1432 3476 1695 3544 tempore
1740 3480 1974 3523 mecum
2024 3477 2153 3519 esse
