2642 3925
332 276 420 340 Ep.
452 263 564 346 54]
752 275 977 325 EPIST.
1023 275 1124 323 AD
1164 274 1494 324 ATTJOUM
1540 276 1692 324 vm.
1742 281 1801 345 3.
2102 277 2221 343 137

329 433 465 507 Age
492 432 624 496 iam,
649 450 785 489 cum
812 430 987 491 fratre
1014 448 1091 490 an
1119 431 1246 492 sine
1273 450 1349 491 eo
1376 449 1514 490 cum
1541 430 1702 489 filio?
1742 448 1818 489 an
1848 446 1967 506 quo
1996 427 2220 488 modo?

329 529 391 586 in
423 539 664 605 utraque
700 530 858 587 enim
893 548 956 589 re
988 547 1219 588 summa
1250 525 1557 587 difficultas
1596 529 1717 599 erit,
1748 544 2010 586 summus
2038 526 2218 584 animi

329 626 515 685 dolor.
601 625 721 697 Qui
769 637 965 686 autem
1010 626 1260 704 impetus
1306 626 1456 685 illius
1504 626 1611 684 erit
1664 625 1726 683 in
1780 640 1892 683 nos
1949 624 2221 681 absentes

326 723 708 799 ¹fortunasque
748 725 1018 783 nostras?
1100 724 1311 783 Acrior
1353 740 1534 799 quam
1573 722 1636 781 in
1677 732 2018 793 ceterorum,
2057 719 2221 796 quod

328 821 555 896 putabit
619 820 863 881 fortasse
925 822 988 879 in
1047 821 1220 881 nobis
1274 820 1558 879 violandis
1612 819 1829 896 aliquid
1884 836 1949 877 se
2003 816 2220 876 habere

330 917 631 992 populare.
715 919 852 994 Age
893 918 1027 989 iam,
1065 919 1172 977 has
1214 918 1550 995 compede3‚
1590 917 1792 988 fasceS,
1824 917 2078 992 inquam,
2110 915 2222 975 hos

329 1011 619 1073 laureatos
673 1015 877 1076 efferre
933 1034 1007 1075 ex
1062 1015 1230 1075 Italia
1285 1033 1462 1092 quam
1522 1014 1831 1073 molestum
1887 1014 2007 1072 estl
2103 1010 2223 1084 Qui

330 1118 529 1167 autem
555 1110 720 1169 locus
746 1112 853 1171 erit
879 1112 1053 1170 nobis
1079 1122 1249 1182 tutuS,
1279 1121 1345 1170 ut
1380 1111 1499 1169 iam
1532 1110 1774 1186 placatis
1809 1120 2040 1168 utamur
2076 1106 2221 1165 fluc-

331 1205 504 1278 tibu3‚
532 1217 668 1266 ante
695 1226 876 1284 quam
901 1209 980 1267 ad
1005 1208 1166 1266 illum
1185 1208 1551 1267 venerimus?
1590 1225 1705 1283 qua
1734 1218 1928 1266 autern
1955 1213 2055 1265 aut
2083 1221 2222 1281 quc,

330 1302 475 1361 nihil
519 1306 750 1363 scimuS.
834 1305 890 1365 6.
945 1305 1027 1363 At
1074 1306 1122 1364 si
1150 1305 1412 1363 restitero
1461 1314 1520 1363 et
1565 1304 1732 1363 fuerit
1780 1302 1952 1363 nobis
2001 1303 2061 1361 in
2109 1302 2222 1362 hac

335 1409 497 1474 parte
526 1400 708 1472 locus,
753 1401 912 1461 idem
958 1402 1168 1473 fecero,
1212 1403 1376 1479 quod
1422 1402 1484 1460 in
1539 1401 1764 1461 Cinnae
1821 1401 2222 1460 dominatione

334 1497 654 1575 Philippus,
699 1500 861 1575 quod
915 1498 984 1558 L.
1028 1498 1289 1571 FlaccuS,
1339 1499 1501 1575 quod
1549 1498 1627 1572 Q.
1671 1498 1923 1570 Mucius,
1973 1515 2218 1575 quoquo

335 1595 521 1653 modo
562 1614 634 1654 ea
670 1615 766 1655 res
807 1597 942 1668 huic
983 1597 1223 1674 quidem
1265 1597 1491 1667 cecidit,
1530 1597 1630 1673 qui
1673 1607 1869 1655 tamen
1909 1597 1989 1655 ita
2031 1595 2224 1660 dicere

334 1691 580 1764 solebat,
597 1711 661 1751 se
690 1693 750 1751 id
777 1693 900 1753 fore
920 1694 1128 1766 videre,
1151 1694 1314 1771 quod
1341 1693 1560 1753 factum
1587 1703 1694 1765 est,
1715 1694 1819 1753 sed
1847 1693 2018 1752 malle
2045 1712 2224 1770 quam

334 1800 621 1848 armatum
649 1792 727 1850 ad
754 1792 971 1867 patriae
992 1792 1226 1851 moenia
1246 1791 1540 1851 accedere.
1600 1792 1783 1850 Aliter
1802 1790 2218 1867 Thrasybulus,

334 1895 396 1945 et
419 1886 665 1946 sortasse
693 1890 898 1948 melius
913 1908 930 1964 ;
970 1891 1078 1949 sed
1106 1898 1195 1948 est
1222 1900 1379 1949 certa
1407 1889 1696 1968 quaedam
1725 1889 1819 1948 illa
1854 1887 2037 1946 Mucii
2076 1889 2220 1947 ratio

334 1996 511 2063 atque
567 1988 867 2060 sententia,
924 1999 1014 2047 est
1067 1988 1162 2046 illa
1216 1989 1392 2047 etiam
1450 1983 1767 2068 [Philippi],
1824 1997 1900 2059 et,
1957 2004 2094 2045 cum
2150 1988 2222 2045 sit

333 2101 595 2156 necesse,
626 2086 835 2144 servire
864 2085 1114 2161 tempori
1152 2094 1210 2143 et
1246 2103 1370 2142 non
1408 2084 1667 2143 amittere
1704 2094 1954 2160 tempuS‚
1977 2103 2113 2144 cum
2150 2084 2225 2144 sit

334 2182 552 2239 datum.
650 2180 772 2241 Sed
824 2183 888 2241 in
941 2183 1057 2242 hoc
1111 2183 1244 2258 ipso
1299 2182 1519 2241 habent
1570 2191 1768 2240 tamen
1823 2181 1981 2240 idem
2034 2181 2221 2241 fasces

332 2277 692 2337 molestiam:
748 2280 824 2338 sit
869 2280 1028 2338 enim
1075 2280 1248 2339 nobis
1298 2281 1536 2351 amicuS‚
1581 2279 1744 2357 quod
1792 2276 2075 2339 in'certum
2116 2290 2221 2352 est,

335 2377 441 2435 sed
473 2377 579 2436 sit:
623 2376 841 2437 deferet
879 2378 1249 2454 triumphum.
1336 2376 1476 2437 Non
1513 2379 1793 2453 accipere,
1818 2379 1859 2449 †
1886 2396 1963 2436 ne
2001 2378 2225 2454 pericu-

333 2474 525 2534 losum
554 2474 641 2546 sit,
671 2475 1017 2534 invidiosum
1044 2476 1120 2535 ad
1147 2477 1354 2535 bonos,
1440 2472 1497 2534 Ο
1526 2493 1666 2546 rem,
1694 2475 1902 2551 inquiS‚
1934 2475 2224 2535 difficilem

334 2582 392 2632 et
430 2571 922 2648 inexplicabilem!
964 2574 1122 2650 atqui
1159 2571 1506 2649 explicanda
1538 2582 1641 2632 est.
1728 2572 1889 2645 Quid
1917 2573 2074 2631 enim
2101 2573 2223 2632 fieri

334 2671 568 2748 potest?
613 2688 684 2730 ac
720 2687 796 2730 ne
823 2689 919 2729 me
947 2671 1291 2730 existimaris
1319 2670 1397 2729 ad
1423 2669 1781 2729 manendum
1810 2688 1937 2747 esse
1967 2689 2222 2748 propen-

336 2770 567 2839 siorem,
597 2769 760 2844 quod
795 2768 963 2844 plura
997 2769 1059 2827 in
1096 2785 1229 2827 eam
1262 2776 1490 2844 partem
1524 2767 1700 2825 verba
1740 2765 1991 2835 fecerim,
2031 2778 2225 2843 potest

335 2866 477 2936 fieri,
495 2865 656 2942 quod
678 2867 741 2924 fit
768 2867 827 2923 in
856 2865 1049 2924 multis
1077 2865 1532 2942 quaestionibus,
1550 2873 1726 2922 utres
1753 2865 2049 2922 verbosior
2077 2864 2223 2924 haec

334 2962 521 3034 fuerit,
551 2963 646 3021 illa
682 2964 887 3023 verior.
973 2962 1167 3036 Quam
1206 2964 1286 3021 ob
1313 2980 1438 3020 rem
1465 2970 1530 3019 ut
1559 2961 1813 3019 maxima
1837 2960 1913 3021 de
1940 2980 2003 3021 re
2030 2979 2222 3038 aequo

336 3061 533 3119 animo
565 3059 918 3131 deliberanti,
940 3061 1019 3119 ita
1047 3060 1189 3118 mihi
1215 3060 1325 3120 des
1353 3058 1660 3118 consilium
1689 3058 1876 3119 velim.
1959 3058 2138 3117 Navis
2165 3067 2224 3118 et

337 3159 400 3215 in
449 3156 651 3217 Caieta
699 3168 786 3216 est
837 3166 1038 3235 parata
1082 3157 1254 3216 nobis
1310 3166 1371 3215 et
1424 3153 1731 3214 Brundisii.
1819 3167 1871 3233 7.
1919 3155 2037 3214 Sed
2085 3172 2223 3213 ecce

338 3254 523 3312 nuntii
546 3255 830 3313 scribente
849 3272 943 3312 me
966 3254 1111 3313 haec
1135 3253 1262 3329 ipsa
1282 3263 1462 3337 noctu
1482 3253 1543 3311 in
1568 3250 1808 3324 Calen0,
1828 3270 1965 3312 ecce
1987 3253 2220 3322 litterae,

339 3350 651 3410 Caesarem
696 3352 773 3409 ad
823 3350 1163 3422 Corfinium,
1210 3350 1537 3409 Domitium
1584 3350 1824 3414 Corfinii
1874 3368 2008 3409 cum
2052 3351 2221 3409 firmo

338 3449 592 3507 exercitu
648 3458 704 3508 et
757 3467 1020 3527 pugnare
1082 3449 1367 3527 cupiente.
1451 3448 1593 3509 Non
1655 3459 1801 3527 puto
1866 3451 2039 3509 etiam
2106 3448 2221 3509 hoc
