2642 3925
266 273 353 336 Ep.
387 259 495 344 26]
676 271 900 323 EPIST.
944 272 1045 322 AD
1086 272 1535 323 FAMILIARES
1573 273 1628 323 1.
1677 272 1739 342 7.
2074 256 2162 343 65

269 430 465 499 amari,
500 428 745 507 quando
799 431 876 489 ab
928 429 1037 490 illis
1088 430 1252 490 nullo
1303 430 1490 490 modo
1543 446 1807 506 possum.
1892 426 2157 487 Domum

269 545 462 584 meam
499 528 662 604 quod
691 530 898 587 crebro
937 529 1151 601 invisis,
1179 539 1269 589 est
1303 529 1447 587 mihi
1483 528 1649 587 valde
1689 536 1938 604 gratum.
2022 524 2161 583 Via·

269 624 448 682 ticum
498 624 800 701 Crassipes
847 626 1138 702 praeripit.
1217 626 1316 686 Tu
1367 627 1440 685 de
1488 625 1581 685 via
1626 635 1785 684 recta
1830 624 1892 682 in
1938 622 2159 682 hortos-

268 719 513 779 Videtur
542 722 909 781 commodius
949 723 1026 782 ad
1059 733 1152 784 te:
1192 723 1473 800 postridie
1513 721 1765 792 scilicet3
1811 720 1953 796 quid
1997 720 2158 780 enim

268 819 409 875 tua?
465 819 570 878 sed
617 820 942 879 viderimus.
1028 821 1449 880 Bibliothecam
1504 819 1645 878 mihi
1700 817 1785 880 tui
1841 819 2159 895 pinxerunt

268 917 679 977 constrictione
718 926 777 977 et
818 919 1075 996 sittybis:
1115 935 1222 978 eos
1261 919 1434 977 velim
1474 917 1696 979 laudes.

695 1077 793 1138 26.
874 1073 991 1148 AD
1032 1068 1536 1134 FAMILIARES
1580 1074 1627 1134 1.
1676 1088 1731 1152 ⁷·
1776 1067 1782 1072 ·

597 1185 733 1248 Sex.
773 1186 992 1252 Romu:
1031 1207 1221 1249 must
1261 1188 1432 1250 MA10
1474 1206 1643 1249 A.u.c.
1692 1190 1831 1264 698.

661 1310 725 1353 m.
753 1312 957 1355 cremo
982 1313 1028 1356 s.
1059 1314 1118 1355 n.
1145 1314 1197 1357 P.
1223 1314 1498 1356 mmo
1525 1313 1761 1357 moces.

358 1426 410 1467 r.
452 1406 605 1468 Lm
635 1418 762 1468 tuas
796 1407 1027 1480 litteras,
1060 1410 1271 1489 quibus
1309 1408 1385 1469 ad
1417 1428 1520 1470 me
1551 1411 1756 1470 scribis
1793 1418 2025 1487 gratum
2056 1408 2160 1470 tibi

270 1523 418 1577 esse,
447 1505 607 1583 quod
635 1507 836 1566 crebro
870 1507 1078 1567 certior
1103 1526 1209 1585 per
1235 1526 1334 1567 me
1362 1508 1467 1567 fias
1496 1506 1570 1567 de
1598 1509 1872 1568 omnibus
1900 1509 2076 1566 rebus
2102 1515 2161 1565 et

270 1621 464 1662 meam
504 1623 644 1681 erga
684 1613 741 1664 te
782 1605 1245 1664 benevolentiam
1287 1604 1455 1664 facile
1496 1605 1850 1683 perspiciast
1908 1621 2161 1682 quorum

269 1702 511 1760 alterum
538 1701 697 1774 mihi,
726 1713 790 1761 ut
815 1712 874 1762 te
908 1702 1219 1780 plurimum
1255 1702 1508 1778 diligam,
1543 1701 1734 1762 facere
1774 1718 2018 1762 necesse
2051 1710 2156 1770 est,

268 1799 320 1857 si
354 1798 489 1857 volo
520 1799 570 1857 is
603 1817 749 1870 esse,
782 1817 959 1876 quem
1001 1809 1063 1857 tu
1103 1817 1200 1859 me
1241 1818 1371 1858 esse
1407 1799 1634 1858 voluisti
1658 1817 1678 1872 3
1723 1798 1966 1857 alterum
2007 1796 2159 1860 facio

267 1896 526 1969 libenter,
581 1908 663 1967 ut,
717 1898 999 1975 quoniam
1055 1898 1354 1957 intervallo
1411 1897 1675 1956 locorum
1718 1906 1776 1956 et
1829 1906 2160 1972 temporum

269 1994 508 2060 diiuncti
548 2012 766 2067 sumus,
809 2014 913 2072 per
952 1996 1169 2057 litteras
1209 2006 1404 2055 tecum
1447 2013 1625 2073 quam
1663 1994 2002 2072 saepissime
2040 1993 2162 2054 col-

267 2091 495 2167 loquare
576 2092 758 2164 Quod
815 2094 864 2152 si
921 2094 1102 2152 rarius
1155 2093 1255 2152 fiet
1308 2109 1488 2169 quam
1540 2102 1607 2152 tu
1659 2093 2042 2170 exspectabis,
2099 2092 2160 2151 id

266 2190 375 2248 erit
414 2207 642 2260 causae,
683 2189 844 2265 quod
895 2207 1019 2250 non
1073 2189 1197 2250 eius
1250 2191 1481 2267 generis
1532 2208 1706 2251 meae
1744 2191 1963 2251 litterae
2005 2199 2160 2262 sunt,

265 2297 332 2348 ut
380 2305 484 2347 eas
534 2287 786 2372 audeam
825 2297 1044 2349 temere
1086 2289 1488 2348 committeret
1542 2288 1813 2367 quotiens
1849 2287 1993 2349 mihi
2034 2306 2160 2348 cer-

266 2397 458 2445 torum
511 2382 818 2445 hominum
872 2395 1132 2463 potestas
1178 2386 1299 2458 erit,
1353 2387 1569 2463 quibus
1622 2396 1779 2448 recte
1837 2387 1991 2456 dem,
2033 2404 2158 2450 non

266 2485 734 2560 praetermittam.
822 2502 876 2549 2,
934 2482 1117 2556 Quod
1171 2483 1320 2543 scire
1373 2484 1480 2556 vis,
1534 2502 1654 2560 qua
1703 2485 1955 2561 quisque
1998 2484 2060 2542 in
2099 2493 2164 2544 te

265 2582 382 2641 fide
420 2582 494 2641 sit
531 2591 589 2640 et
627 2581 943 2654 voluntate,
979 2581 1207 2642 difficile
1240 2580 1405 2643 dictu
1431 2591 1521 2642 est
1548 2582 1624 2642 de
1652 2582 1934 2659 singulis:
1974 2599 2160 2641 unum

265 2679 405 2738 illud
462 2678 669 2750 audeo,
733 2680 895 2756 quod
953 2688 1131 2740 *antea
1192 2679 1295 2738 tibi
1358 2698 1535 2758 saepe
1597 2679 1938 2756 significavi,
2000 2697 2161 2740 nunc

266 2794 503 2853 quoque
559 2796 623 2837 re
677 2787 985 2855 perspecta
1039 2788 1099 2838 et
1154 2778 1394 2855 cognita
1454 2779 1723 2850 scribere,
1784 2778 2161 2839 vehementer

266 2874 559 2951 quosdam
610 2874 878 2935 homines
932 2885 991 2935 et
1043 2893 1149 2935 eos
1203 2877 1476 2948 maxime,
1518 2875 1618 2953 qui
1674 2884 1738 2935 te
1787 2885 1849 2935 et
1902 2876 2162 2937 maxime

266 2973 589 3031 debuerunt
645 2981 702 3031 et
747 2972 1061 3050 plurimum
1100 2974 1295 3032 iuvare
1337 2981 1674 3050 potuerunt,
1715 2972 1991 3033 invidisse
2031 2974 2161 3049 dig-

265 3069 431 3128 nitati
470 3077 623 3139 tuae,
679 3067 1144 3145 simillimamque
1198 3068 1263 3130 in
1314 3087 1383 3129 re
1434 3068 1695 3128 dissimili
1747 3069 1832 3128 tui
1877 3071 2159 3147 temporis

265 3184 425 3228 nunc
461 3175 522 3225 et
559 3166 744 3225 nostri
786 3167 1088 3243 quondam
1129 3165 1306 3226 fuisse
1347 3166 1651 3238 rationem,
1678 3176 1760 3239 ut,
1787 3184 1941 3244 quos
1977 3178 2042 3227 tu
2075 3167 2160 3229 rei

265 3264 531 3342 publicae
572 3280 750 3322 causa
789 3262 1059 3335 laeseras,
1101 3263 1296 3341 palam
1336 3272 1397 3329 te
1435 3274 1863 3342 oppugnarent,
1904 3281 2158 3341 quorum

268 3361 684 3433 auctoritatem,
732 3360 1074 3436 dignitatem
1115 3362 1590 3439 voluntatemque
1630 3361 1993 3435 defenderaS,
2033 3379 2159 3423 non

266 3468 386 3521 tam
427 3476 734 3541 memores⁸
762 3468 956 3537 essent
996 3459 1216 3521 virtutis
1260 3469 1393 3519 tuae
1447 3477 1628 3541 quam
1682 3459 1867 3523 laudis
1921 3459 2159 3523 inimici.

1186 3574 1228 3623 F
