<?xml version="1.0" encoding="UTF-8"?>
<!DOCTYPE html PUBLIC "-//W3C//DTD XHTML 1.0 Transitional//EN"
    "http://www.w3.org/TR/xhtml1/DTD/xhtml1-transitional.dtd">
<html xmlns="http://www.w3.org/1999/xhtml" xml:lang="en" lang="en">
 <head>
  <title>
</title>
<meta http-equiv="Content-Type" content="text/html;charset=utf-8" />
  <meta name='ocr-system' content='tesseract 3.04.00' />
  <meta name='ocr-capabilities' content='ocr_page ocr_carea ocr_par ocr_line ocrx_word'/>
</head>
<body>
  <div class='ocr_page' id='page_1' title='image "./mtulliiciceroni00watsgoog_0100.png"; bbox 0 0 2642 3925; ppageno 0'>
   <div class='ocr_carea' id='block_1_1' title="bbox 408 269 2294 366">
    <p class='ocr_par' dir='ltr' id='par_1_1' title="bbox 408 269 2294 366">
     <span class='ocr_line' id='line_1_1' title="bbox 408 269 2294 366; baseline -0.001 -24"><span class='ocrx_word' id='word_1_1' title='bbox 408 278 495 357; x_wconf 78' lang='lat'>84</span> <span class='ocrx_word' id='word_1_2' title='bbox 821 325 829 330; x_wconf 71' lang='lat'>,</span> <span class='ocrx_word' id='word_1_3' title='bbox 949 285 1028 342; x_wconf 81' lang='lat' dir='ltr'>M.</span> <span class='ocrx_word' id='word_1_4' title='bbox 1077 289 1336 340; x_wconf 71' lang='lat' dir='ltr'><strong><em>TULLII.</em></strong></span> <span class='ocrx_word' id='word_1_5' title='bbox 1359 287 1732 339; x_wconf 58' lang='lat' dir='ltr'>crembam</span> <span class='ocrx_word' id='word_1_6' title='bbox 1853 283 1859 292; x_wconf 87' lang='grc'>’</span> <span class='ocrx_word' id='word_1_7' title='bbox 2059 269 2197 366; x_wconf 70' lang='lat' dir='ltr'>[Pars</span> <span class='ocrx_word' id='word_1_8' title='bbox 2226 283 2294 342; x_wconf 64' lang='grc' dir='ltr'>ιι</span> 
     </span>
    </p>
   </div>
   <div class='ocr_carea' id='block_1_2' title="bbox 405 435 2292 714">
    <p class='ocr_par' dir='ltr' id='par_1_2' title="bbox 405 435 2292 714">
     <span class='ocr_line' id='line_1_2' title="bbox 408 435 2292 524; baseline -0.001 -25"><span class='ocrx_word' id='word_1_9' title='bbox 408 458 589 517; x_wconf 84' lang='lat' dir='ltr'>saepe</span> <span class='ocrx_word' id='word_1_10' title='bbox 612 441 761 501; x_wconf 89' lang='lat' dir='ltr'>facio</span> <span class='ocrx_word' id='word_1_11' title='bbox 793 441 916 501; x_wconf 91' lang='lat' dir='ltr'>deis</span> <span class='ocrx_word' id='word_1_12' title='bbox 944 439 1393 517; x_wconf 79' lang='lat' dir='ltr'>hominibusque</span> <span class='ocrx_word' id='word_1_13' title='bbox 1423 439 1897 517; x_wconf 81' lang='lat' dir='ltr'><strong>adprobantibus,</strong></span> <span class='ocrx_word' id='word_1_14' title='bbox 1980 435 2188 524; x_wconf 85' lang='lat' dir='ltr'>Habes</span> <span class='ocrx_word' id='word_1_15' title='bbox 2218 439 2292 498; x_wconf 90' lang='lat' dir='ltr'>de</span> 
     </span>
     <span class='ocr_line' id='line_1_3' title="bbox 406 534 2291 616; baseline 0.001 -23"><span class='ocrx_word' id='word_1_16' title='bbox 406 537 660 609; x_wconf 91' lang='lat' dir='ltr'>Vatinio,</span> <span class='ocrx_word' id='word_1_17' title='bbox 701 558 994 616; x_wconf 86' lang='lat' dir='ltr'>cognosce</span> <span class='ocrx_word' id='word_1_18' title='bbox 1035 539 1109 598; x_wconf 90' lang='lat' dir='ltr'>de</span> <span class='ocrx_word' id='word_1_19' title='bbox 1151 539 1385 599; x_wconf 75' lang='lat' dir='ltr'>Crasso,</span> <span class='ocrx_word' id='word_1_20' title='bbox 1475 534 1574 597; x_wconf 62' lang='lat'>20.⁸</span> <span class='ocrx_word' id='word_1_21' title='bbox 1613 537 1765 613; x_wconf 86' lang='lat' dir='ltr'>Ego,</span> <span class='ocrx_word' id='word_1_22' title='bbox 1796 555 1931 596; x_wconf 88' lang='lat' dir='ltr'>cum</span> <span class='ocrx_word' id='word_1_23' title='bbox 1972 536 2113 595; x_wconf 86' lang='lat' dir='ltr'>mihi</span> <span class='ocrx_word' id='word_1_24' title='bbox 2156 555 2291 596; x_wconf 91' lang='lat' dir='ltr'>cum</span> 
     </span>
     <span class='ocr_line' id='line_1_4' title="bbox 405 628 2291 714; baseline 0 -21"><span class='ocrx_word' id='word_1_25' title='bbox 405 635 501 693; x_wconf 89' lang='lat' dir='ltr'>illo</span> <span class='ocrx_word' id='word_1_26' title='bbox 529 655 746 713; x_wconf 86' lang='lat' dir='ltr'>magna</span> <span class='ocrx_word' id='word_1_27' title='bbox 773 638 886 695; x_wconf 87' lang='lat' dir='ltr'>iam</span> <span class='ocrx_word' id='word_1_28' title='bbox 915 638 1097 714; x_wconf 88' lang='lat' dir='ltr'>gratia</span> <span class='ocrx_word' id='word_1_29' title='bbox 1124 646 1294 706; x_wconf 89' lang='lat' dir='ltr'>esset,</span> <span class='ocrx_word' id='word_1_30' title='bbox 1325 636 1487 714; x_wconf 91' lang='lat' dir='ltr'>quod</span> <span class='ocrx_word' id='word_1_31' title='bbox 1514 637 1640 694; x_wconf 88' lang='lat' dir='ltr'>eius</span> <span class='ocrx_word' id='word_1_32' title='bbox 1677 628 1885 694; x_wconf 82' lang='lat' dir='ltr'>omnes</span> <span class='ocrx_word' id='word_1_33' title='bbox 1922 635 2291 711; x_wconf 87' lang='lat' dir='ltr'>gravissimas</span> 
     </span>
    </p>
   </div>
   <div class='ocr_carea' id='block_1_3' title="bbox 404 733 2291 905">
    <p class='ocr_par' dir='ltr' id='par_1_3' title="bbox 404 733 2291 905">
     <span class='ocr_line' id='line_1_5' title="bbox 404 733 2290 810; baseline 0.001 -21"><span class='ocrx_word' id='word_1_34' title='bbox 404 733 640 807; x_wconf 88' lang='lat' dir='ltr'>iniurias</span> <span class='ocrx_word' id='word_1_35' title='bbox 680 735 1009 793; x_wconf 89' lang='lat' dir='ltr'>eommunis</span> <span class='ocrx_word' id='word_1_36' title='bbox 1045 734 1402 803; x_wconf 54' lang='lat' dir='ltr'>‚concordiae</span> <span class='ocrx_word' id='word_1_37' title='bbox 1445 752 1621 793; x_wconf 86' lang='lat' dir='ltr'>causa</span> <span class='ocrx_word' id='word_1_38' title='bbox 1668 733 1988 791; x_wconf 79' lang='lat' dir='ltr'>voluntaria</span> <span class='ocrx_word' id='word_1_39' title='bbox 2037 733 2290 810; x_wconf 86' lang='lat' dir='ltr'>quadam</span> 
     </span>
     <span class='ocr_line' id='line_1_6' title="bbox 404 826 2291 905; baseline 0.001 -22"><span class='ocrx_word' id='word_1_40' title='bbox 404 826 719 888; x_wconf 83' lang='lat' dir='ltr'>oblivione.</span> <span class='ocrx_word' id='word_1_41' title='bbox 769 829 1169 897; x_wconf 84' lang='lat' dir='ltr'>contriveram‚</span> <span class='ocrx_word' id='word_1_42' title='bbox 1247 830 1609 905; x_wconf 83' lang='lat' dir='ltr'><strong>repentinam</strong></span> <span class='ocrx_word' id='word_1_43' title='bbox 1687 828 1810 887; x_wconf 90' lang='lat' dir='ltr'>eius</span> <span class='ocrx_word' id='word_1_44' title='bbox 1889 827 2291 886; x_wconf 87' lang='lat' dir='ltr'>defensionem</span> 
     </span>
    </p>
   </div>
   <div class='ocr_carea' id='block_1_4' title="bbox 324 920 2400 3550">
    <p class='ocr_par' dir='ltr' id='par_1_4' title="bbox 324 920 2400 3550">
     <span class='ocr_line' id='line_1_7' title="bbox 404 920 2291 1007; baseline -0.001 -24"><span class='ocrx_word' id='word_1_45' title='bbox 404 922 658 997; x_wconf 88' lang='lat' dir='ltr'>Gabinii,</span> <span class='ocrx_word' id='word_1_46' title='bbox 700 942 874 1002; x_wconf 90' lang='lat' dir='ltr'>quem</span> <span class='ocrx_word' id='word_1_47' title='bbox 922 926 1207 1002; x_wconf 84' lang='lat' dir='ltr'><strong>proximis</strong></span> <span class='ocrx_word' id='word_1_48' title='bbox 1259 920 1706 1007; x_wconf 89' lang='lat' dir='ltr'>[superioribus]</span> <span class='ocrx_word' id='word_1_49' title='bbox 1758 925 1964 984; x_wconf 91' lang='lat' dir='ltr'>diebus</span> <span class='ocrx_word' id='word_1_50' title='bbox 2015 926 2291 983; x_wconf 80' lang='lat' dir='ltr'>acerrime</span> 
     </span>
     <span class='ocr_line' id='line_1_8' title="bbox 401 1022 2290 1098; baseline 0.001 -19"><span class='ocrx_word' id='word_1_51' title='bbox 401 1033 823 1098; x_wconf 84' lang='lat' dir='ltr'>oppugnasset,</span> <span class='ocrx_word' id='word_1_52' title='bbox 863 1033 1076 1094; x_wconf 89' lang='lat' dir='ltr'>tamen,</span> <span class='ocrx_word' id='word_1_53' title='bbox 1116 1024 1166 1082; x_wconf 82' lang='lat' dir='ltr'>si</span> <span class='ocrx_word' id='word_1_54' title='bbox 1209 1024 1334 1082; x_wconf 89' lang='lat' dir='ltr'>sine</span> <span class='ocrx_word' id='word_1_55' title='bbox 1377 1023 1490 1095; x_wconf 84' lang='lat' dir='ltr'>ulla</span> <span class='ocrx_word' id='word_1_56' title='bbox 1531 1041 1664 1082; x_wconf 91' lang='lat' dir='ltr'>mea</span> <span class='ocrx_word' id='word_1_57' title='bbox 1684 1022 2053 1082; x_wconf 89' lang='lat' dir='ltr'>·contumelia</span> <span class='ocrx_word' id='word_1_58' title='bbox 2094 1040 2290 1081; x_wconf 89' lang='lat' dir='ltr'>susce-</span> 
     </span>
     <span class='ocr_line' id='line_1_9' title="bbox 401 1116 2289 1198; baseline 0 -21"><span class='ocrx_word' id='word_1_59' title='bbox 401 1120 598 1197; x_wconf 83' lang='lat' dir='ltr'>pisset,</span> <span class='ocrx_word' id='word_1_60' title='bbox 640 1120 931 1198; x_wconf 82' lang='lat' dir='ltr'>tulissem3</span> <span class='ocrx_word' id='word_1_61' title='bbox 991 1121 1114 1191; x_wconf 91' lang='lat' dir='ltr'>sed,</span> <span class='ocrx_word' id='word_1_62' title='bbox 1157 1138 1300 1179; x_wconf 32' lang='lat' dir='ltr'>cum*</span> <span class='ocrx_word' id='word_1_63' title='bbox 1344 1139 1441 1179; x_wconf 92' lang='lat' dir='ltr'>me</span> <span class='ocrx_word' id='word_1_64' title='bbox 1491 1122 1900 1197; x_wconf 85' lang='lat' dir='ltr'>disputantem,</span> <span class='ocrx_word' id='word_1_65' title='bbox 1942 1116 2072 1177; x_wconf 65' lang='lat' dir='ltr'>non&#39;</span> <span class='ocrx_word' id='word_1_66' title='bbox 2110 1119 2289 1178; x_wconf 89' lang='lat' dir='ltr'>laces-</span> 
     </span>
     <span class='ocr_line' id='line_1_10' title="bbox 402 1216 2290 1294; baseline 0.001 -20"><span class='ocrx_word' id='word_1_67' title='bbox 402 1226 626 1274; x_wconf 83' lang='lat' dir='ltr'>sentem</span> <span class='ocrx_word' id='word_1_68' title='bbox 667 1216 1166 1287; x_wconf 66' lang='lat' dir='ltr'>laesisset,‘exarsi</span> <span class='ocrx_word' id='word_1_69' title='bbox 1208 1235 1332 1293; x_wconf 86' lang='lat' dir='ltr'>non</span> <span class='ocrx_word' id='word_1_70' title='bbox 1373 1218 1564 1276; x_wconf 87' lang='lat' dir='ltr'>solum</span> <span class='ocrx_word' id='word_1_71' title='bbox 1604 1218 1913 1294; x_wconf 86' lang='lat' dir='ltr'>praesenti,</span> <span class='ocrx_word' id='word_1_72' title='bbox 1953 1216 2147 1288; x_wconf 90' lang='lat' dir='ltr'>credo,</span> <span class='ocrx_word' id='word_1_73' title='bbox 2179 1218 2290 1275; x_wconf 90' lang='lat' dir='ltr'>ira-</span> 
     </span>
     <span class='ocr_line' id='line_1_11' title="bbox 324 1305 2289 1386; baseline 0.002 -16"><span class='ocrx_word' id='word_1_74' title='bbox 324 1333 330 1339; x_wconf 89' lang='lat'>·</span> <span class='ocrx_word' id='word_1_75' title='bbox 402 1314 834 1379; x_wconf 77' lang='lat' dir='ltr'>cundia—nam</span> <span class='ocrx_word' id='word_1_76' title='bbox 877 1323 948 1373; x_wconf 88' lang='lat' dir='ltr'>ea</span> <span class='ocrx_word' id='word_1_77' title='bbox 997 1305 1116 1382; x_wconf 80' lang='lat' dir='ltr'>tam</span> <span class='ocrx_word' id='word_1_78' title='bbox 1159 1315 1473 1375; x_wconf 85' lang='lat' dir='ltr'>vehemens</span> <span class='ocrx_word' id='word_1_79' title='bbox 1514 1316 1760 1376; x_wconf 89' lang='lat' dir='ltr'>fortasse</span> <span class='ocrx_word' id='word_1_80' title='bbox 1800 1334 1924 1375; x_wconf 88' lang='lat' dir='ltr'>non</span> <span class='ocrx_word' id='word_1_81' title='bbox 1966 1315 2169 1374; x_wconf 90' lang='lat' dir='ltr'>fuisset</span> <span class='ocrx_word' id='word_1_82' title='bbox 2191 1350 2289 1386; x_wconf 91' lang='lat'>--‚</span> 
     </span>
     <span class='ocr_line' id='line_1_12' title="bbox 402 1411 2291 1482; baseline 0.001 -13"><span class='ocrx_word' id='word_1_83' title='bbox 402 1411 524 1482; x_wconf 84' lang='lat' dir='ltr'>sed,</span> <span class='ocrx_word' id='word_1_84' title='bbox 572 1429 706 1470; x_wconf 86' lang='lat' dir='ltr'>cum</span> <span class='ocrx_word' id='word_1_85' title='bbox 754 1412 1043 1471; x_wconf 82' lang='lat' dir='ltr'>inclusum</span> <span class='ocrx_word' id='word_1_86' title='bbox 1091 1412 1230 1471; x_wconf 89' lang='lat' dir='ltr'>illud</span> <span class='ocrx_word' id='word_1_87' title='bbox 1277 1413 1477 1472; x_wconf 91' lang='lat' dir='ltr'>odium</span> <span class='ocrx_word' id='word_1_88' title='bbox 1528 1413 1845 1472; x_wconf 85' lang='lat' dir='ltr'>multarum</span> <span class='ocrx_word' id='word_1_89' title='bbox 1899 1413 2023 1471; x_wconf 89' lang='lat' dir='ltr'>eius</span> <span class='ocrx_word' id='word_1_90' title='bbox 2076 1414 2137 1471; x_wconf 92' lang='lat' dir='ltr'>in</span> <span class='ocrx_word' id='word_1_91' title='bbox 2194 1431 2291 1471; x_wconf 92' lang='lat' dir='ltr'>me</span> 
     </span>
     <span class='ocr_line' id='line_1_13' title="bbox 399 1508 2289 1588; baseline -0.001 -19"><span class='ocrx_word' id='word_1_92' title='bbox 399 1508 751 1578; x_wconf 84' lang='lat' dir='ltr'>iniuriarum,</span> <span class='ocrx_word' id='word_1_93' title='bbox 782 1510 943 1588; x_wconf 86' lang='lat' dir='ltr'>quod</span> <span class='ocrx_word' id='word_1_94' title='bbox 981 1528 1095 1585; x_wconf 88' lang='lat' dir='ltr'>ego</span> <span class='ocrx_word' id='word_1_95' title='bbox 1133 1510 1407 1569; x_wconf 87' lang='lat' dir='ltr'>effudisse</span> <span class='ocrx_word' id='word_1_96' title='bbox 1445 1530 1540 1569; x_wconf 89' lang='lat' dir='ltr'>me</span> <span class='ocrx_word' id='word_1_97' title='bbox 1575 1529 1752 1571; x_wconf 87' lang='lat' dir='ltr'>omne</span> <span class='ocrx_word' id='word_1_98' title='bbox 1788 1510 2119 1580; x_wconf 88' lang='lat' dir='ltr'>arbitrabar,</span> <span class='ocrx_word' id='word_1_99' title='bbox 2149 1511 2289 1568; x_wconf 89' lang='lat' dir='ltr'>resi-</span> 
     </span>
     <span class='ocr_line' id='line_1_14' title="bbox 403 1591 2400 1687; baseline -0.001 -19"><span class='ocrx_word' id='word_1_100' title='bbox 403 1609 583 1668; x_wconf 89' lang='lat' dir='ltr'>duum</span> <span class='ocrx_word' id='word_1_101' title='bbox 612 1619 809 1667; x_wconf 86' lang='lat' dir='ltr'>tamen</span> <span class='ocrx_word' id='word_1_102' title='bbox 836 1609 1115 1667; x_wconf 86' lang='lat' dir='ltr'>insciente</span> <span class='ocrx_word' id='word_1_103' title='bbox 1143 1628 1240 1668; x_wconf 89' lang='lat' dir='ltr'>me</span> <span class='ocrx_word' id='word_1_104' title='bbox 1269 1608 1484 1678; x_wconf 87' lang='lat' dir='ltr'>fuisset,</span> <span class='ocrx_word' id='word_1_105' title='bbox 1513 1628 1694 1669; x_wconf 85' lang='lat' dir='ltr'>omne</span> <span class='ocrx_word' id='word_1_106' title='bbox 1727 1620 1966 1686; x_wconf 90' lang='lat' dir='ltr'>repente</span> <span class='ocrx_word' id='word_1_107' title='bbox 2004 1612 2285 1687; x_wconf 86' lang='lat' dir='ltr'>apparuit.</span> <span class='ocrx_word' id='word_1_108' title='bbox 2323 1591 2400 1675; x_wconf 56' lang='grc' dir='ltr'><strong><em>Δ</em></strong></span> 
     </span>
     <span class='ocr_line' id='line_1_15' title="bbox 402 1704 2285 1784; baseline 0 -20"><span class='ocrx_word' id='word_1_109' title='bbox 402 1704 543 1777; x_wconf 89' lang='lat' dir='ltr'>Quo</span> <span class='ocrx_word' id='word_1_110' title='bbox 571 1705 807 1784; x_wconf 85' lang='lat' dir='ltr'>quidem</span> <span class='ocrx_word' id='word_1_111' title='bbox 838 1716 1099 1781; x_wconf 90' lang='lat' dir='ltr'>tempore</span> <span class='ocrx_word' id='word_1_112' title='bbox 1134 1707 1263 1782; x_wconf 88' lang='lat' dir='ltr'>ipso</span> <span class='ocrx_word' id='word_1_113' title='bbox 1294 1707 1531 1783; x_wconf 89' lang='lat' dir='ltr'>quidam</span> <span class='ocrx_word' id='word_1_114' title='bbox 1569 1707 1853 1779; x_wconf 78' lang='lat' dir='ltr'>homineS,</span> <span class='ocrx_word' id='word_1_115' title='bbox 1884 1719 1942 1764; x_wconf 92' lang='lat' dir='ltr'>et</span> <span class='ocrx_word' id='word_1_116' title='bbox 1979 1706 2152 1765; x_wconf 88' lang='lat' dir='ltr'>iidem</span> <span class='ocrx_word' id='word_1_117' title='bbox 2192 1707 2285 1777; x_wconf 85' lang='lat' dir='ltr'>illi,</span> 
     </span>
     <span class='ocr_line' id='line_1_16' title="bbox 401 1803 2287 1882; baseline 0 -19"><span class='ocrx_word' id='word_1_118' title='bbox 401 1820 552 1882; x_wconf 88' lang='lat' dir='ltr'>quos</span> <span class='ocrx_word' id='word_1_119' title='bbox 591 1822 765 1880; x_wconf 90' lang='lat' dir='ltr'>saepe</span> <span class='ocrx_word' id='word_1_120' title='bbox 802 1811 942 1862; x_wconf 79' lang='lat' dir='ltr'>nutu</span> <span class='ocrx_word' id='word_1_121' title='bbox 981 1803 1518 1881; x_wconf 86' lang='lat' dir='ltr'>significationeque</span> <span class='ocrx_word' id='word_1_122' title='bbox 1552 1803 1802 1881; x_wconf 80' lang='lat' dir='ltr'>appeliO,</span> <span class='ocrx_word' id='word_1_123' title='bbox 1831 1821 1965 1863; x_wconf 88' lang='lat' dir='ltr'>cum</span> <span class='ocrx_word' id='word_1_124' title='bbox 2004 1822 2067 1864; x_wconf 87' lang='lat' dir='ltr'>se</span> <span class='ocrx_word' id='word_1_125' title='bbox 2102 1806 2287 1863; x_wconf 86' lang='lat' dir='ltr'>maxi-</span> 
     </span>
     <span class='ocr_line' id='line_1_17' title="bbox 401 1900 2288 1983; baseline 0.001 -20"><span class='ocrx_word' id='word_1_126' title='bbox 401 1915 565 1963; x_wconf 83' lang='lat' dir='ltr'>mum</span> <span class='ocrx_word' id='word_1_127' title='bbox 606 1902 854 1963; x_wconf 87' lang='lat' dir='ltr'>fructum</span> <span class='ocrx_word' id='word_1_128' title='bbox 897 1903 1120 1980; x_wconf 89' lang='lat' dir='ltr'>cepisse</span> <span class='ocrx_word' id='word_1_129' title='bbox 1171 1902 1427 1963; x_wconf 90' lang='lat' dir='ltr'>dicerent</span> <span class='ocrx_word' id='word_1_130' title='bbox 1469 1922 1542 1963; x_wconf 86' lang='lat' dir='ltr'>ex</span> <span class='ocrx_word' id='word_1_131' title='bbox 1589 1900 1849 1963; x_wconf 86' lang='lat' dir='ltr'>libertate</span> <span class='ocrx_word' id='word_1_132' title='bbox 1898 1922 2033 1963; x_wconf 90' lang='lat' dir='ltr'>mea</span> <span class='ocrx_word' id='word_1_133' title='bbox 2075 1922 2288 1983; x_wconf 89' lang='lat' dir='ltr'>meque</span> 
     </span>
     <span class='ocr_line' id='line_1_18' title="bbox 402 2002 2284 2079; baseline 0.001 -17"><span class='ocrx_word' id='word_1_134' title='bbox 402 2014 524 2062; x_wconf 90' lang='lat' dir='ltr'>tum</span> <span class='ocrx_word' id='word_1_135' title='bbox 555 2002 941 2078; x_wconf 84' lang='lat' dir='ltr'>denique&#39;sibi</span> <span class='ocrx_word' id='word_1_136' title='bbox 974 2019 1108 2060; x_wconf 87' lang='lat' dir='ltr'>esse</span> <span class='ocrx_word' id='word_1_137' title='bbox 1149 2003 1335 2060; x_wconf 84' lang='lat' dir='ltr'>visum</span> <span class='ocrx_word' id='word_1_138' title='bbox 1374 2003 1454 2059; x_wconf 90' lang='lat' dir='ltr'>rei</span> <span class='ocrx_word' id='word_1_139' title='bbox 1491 2002 1774 2078; x_wconf 84' lang='lat' dir='ltr'>publicae,</span> <span class='ocrx_word' id='word_1_140' title='bbox 1806 2003 1991 2079; x_wconf 91' lang='lat' dir='ltr'>qualis</span> <span class='ocrx_word' id='word_1_141' title='bbox 2026 2002 2284 2076; x_wconf 82' lang='lat' dir='ltr'>fuissem,</span> 
     </span>
     <span class='ocr_line' id='line_1_19' title="bbox 403 2096 2285 2175; baseline 0.002 -17"><span class='ocrx_word' id='word_1_142' title='bbox 403 2101 739 2170; x_wconf 82' lang='lat' dir='ltr'>restitutum,</span> <span class='ocrx_word' id='word_1_143' title='bbox 760 2110 1010 2174; x_wconf 86' lang='lat' dir='ltr'>cumque</span> <span class='ocrx_word' id='word_1_144' title='bbox 1039 2117 1110 2156; x_wconf 89' lang='lat' dir='ltr'>ea</span> <span class='ocrx_word' id='word_1_145' title='bbox 1134 2101 1433 2158; x_wconf 86' lang='lat' dir='ltr'>contentio</span> <span class='ocrx_word' id='word_1_146' title='bbox 1464 2099 1611 2157; x_wconf 86' lang='lat' dir='ltr'>mihi</span> <span class='ocrx_word' id='word_1_147' title='bbox 1633 2096 1920 2175; x_wconf 83' lang='lat' dir='ltr'>magnum</span> <span class='ocrx_word' id='word_1_148' title='bbox 1943 2102 2115 2159; x_wconf 87' lang='lat' dir='ltr'>etiam</span> <span class='ocrx_word' id='word_1_149' title='bbox 2146 2102 2285 2161; x_wconf 85' lang='lat' dir='ltr'>foris</span> 
     </span>
     <span class='ocr_line' id='line_1_20' title="bbox 404 2198 2284 2277; baseline 0.001 -20"><span class='ocrx_word' id='word_1_150' title='bbox 404 2199 649 2258; x_wconf 77' lang='lat' dir='ltr'>fructum</span> <span class='ocrx_word' id='word_1_151' title='bbox 670 2198 902 2266; x_wconf 88' lang='lat' dir='ltr'>tulisset,</span> <span class='ocrx_word' id='word_1_152' title='bbox 919 2198 1175 2277; x_wconf 85' lang='lat' dir='ltr'>gaudere</span> <span class='ocrx_word' id='word_1_153' title='bbox 1197 2217 1259 2257; x_wconf 93' lang='lat' dir='ltr'>se</span> <span class='ocrx_word' id='word_1_154' title='bbox 1283 2199 1554 2258; x_wconf 90' lang='lat' dir='ltr'>dicebant</span> <span class='ocrx_word' id='word_1_155' title='bbox 1574 2199 1712 2256; x_wconf 88' lang='lat' dir='ltr'>mihi</span> <span class='ocrx_word' id='word_1_156' title='bbox 1729 2209 1794 2258; x_wconf 84' lang='lat' dir='ltr'>et</span> <span class='ocrx_word' id='word_1_157' title='bbox 1812 2199 1969 2258; x_wconf 90' lang='lat' dir='ltr'>illum</span> <span class='ocrx_word' id='word_1_158' title='bbox 1990 2200 2284 2259; x_wconf 87' lang='lat' dir='ltr'>inimicum</span> 
     </span>
     <span class='ocr_line' id='line_1_21' title="bbox 404 2294 2286 2374; baseline 0.001 -18"><span class='ocrx_word' id='word_1_159' title='bbox 404 2307 461 2356; x_wconf 89' lang='lat' dir='ltr'>et</span> <span class='ocrx_word' id='word_1_160' title='bbox 516 2314 636 2365; x_wconf 68' lang='grc' dir='ltr'>θος,</span> <span class='ocrx_word' id='word_1_161' title='bbox 684 2295 782 2373; x_wconf 89' lang='lat' dir='ltr'>qui</span> <span class='ocrx_word' id='word_1_162' title='bbox 839 2296 898 2355; x_wconf 88' lang='lat' dir='ltr'>in</span> <span class='ocrx_word' id='word_1_163' title='bbox 957 2294 1170 2364; x_wconf 15' lang='lat' dir='ltr'>eadem,</span> <span class='ocrx_word' id='word_1_164' title='bbox 1213 2311 1390 2355; x_wconf 88' lang='lat' dir='ltr'>causa</span> <span class='ocrx_word' id='word_1_165' title='bbox 1437 2306 1649 2368; x_wconf 86' lang='lat' dir='ltr'>essent,</span> <span class='ocrx_word' id='word_1_166' title='bbox 1697 2315 2019 2374; x_wconf 82' lang='lat' dir='ltr'>numquam</span> <span class='ocrx_word' id='word_1_167' title='bbox 2064 2300 2286 2357; x_wconf 88' lang='lat' dir='ltr'>amicos</span> 
     </span>
     <span class='ocr_line' id='line_1_22' title="bbox 407 2386 2285 2478; baseline 0.002 -26"><span class='ocrx_word' id='word_1_168' title='bbox 407 2395 659 2453; x_wconf 85' lang='lat' dir='ltr'>futuros:</span> <span class='ocrx_word' id='word_1_169' title='bbox 688 2411 938 2478; x_wconf 82' lang='lat' dir='ltr'>quorum</span> <span class='ocrx_word' id='word_1_170' title='bbox 966 2393 1146 2469; x_wconf 82' lang='lat' dir='ltr'>iniqui</span> <span class='ocrx_word' id='word_1_171' title='bbox 1170 2386 1476 2459; x_wconf 79' lang='lat' dir='ltr'>sermones</span> <span class='ocrx_word' id='word_1_172' title='bbox 1503 2413 1640 2456; x_wconf 89' lang='lat' dir='ltr'>cum</span> <span class='ocrx_word' id='word_1_173' title='bbox 1663 2394 1745 2457; x_wconf 86' lang='lat' dir='ltr'>ad</span> <span class='ocrx_word' id='word_1_174' title='bbox 1772 2413 1868 2454; x_wconf 90' lang='lat' dir='ltr'>me</span> <span class='ocrx_word' id='word_1_175' title='bbox 1896 2414 2000 2472; x_wconf 88' lang='lat' dir='ltr'>per</span> <span class='ocrx_word' id='word_1_176' title='bbox 2019 2394 2285 2455; x_wconf 87' lang='lat' dir='ltr'>homines</span> 
     </span>
     <span class='ocr_line' id='line_1_23' title="bbox 404 2489 2286 2571; baseline 0.001 -21"><span class='ocrx_word' id='word_1_177' title='bbox 404 2490 843 2551; x_wconf 90' lang='lat' dir='ltr'>honestissimos</span> <span class='ocrx_word' id='word_1_178' title='bbox 883 2489 1266 2567; x_wconf 85' lang='lat' dir='ltr'>perferrentur</span> <span class='ocrx_word' id='word_1_179' title='bbox 1301 2511 1552 2569; x_wconf 86' lang='lat' dir='ltr'>cumque</span> <span class='ocrx_word' id='word_1_180' title='bbox 1592 2493 1908 2571; x_wconf 86' lang='lat' dir='ltr'>Pompeius</span> <span class='ocrx_word' id='word_1_181' title='bbox 1936 2495 2015 2551; x_wconf 90' lang='lat' dir='ltr'>ita</span> <span class='ocrx_word' id='word_1_182' title='bbox 2043 2504 2286 2552; x_wconf 90' lang='lat' dir='ltr'>conten-</span> 
     </span>
     <span class='ocr_line' id='line_1_24' title="bbox 406 2589 2285 2665; baseline 0.001 -17"><span class='ocrx_word' id='word_1_183' title='bbox 406 2589 602 2660; x_wconf 90' lang='lat' dir='ltr'>disset,</span> <span class='ocrx_word' id='word_1_184' title='bbox 628 2600 693 2649; x_wconf 89' lang='lat' dir='ltr'>ut</span> <span class='ocrx_word' id='word_1_185' title='bbox 729 2589 870 2646; x_wconf 83' lang='lat' dir='ltr'>nihil</span> <span class='ocrx_word' id='word_1_186' title='bbox 904 2607 1186 2665; x_wconf 88' lang='lat' dir='ltr'>umquam</span> <span class='ocrx_word' id='word_1_187' title='bbox 1214 2591 1424 2665; x_wconf 88' lang='lat' dir='ltr'>magis,</span> <span class='ocrx_word' id='word_1_188' title='bbox 1451 2603 1679 2650; x_wconf 85' lang='lat' dir='ltr'>utcum</span> <span class='ocrx_word' id='word_1_189' title='bbox 1701 2590 1923 2651; x_wconf 88' lang='lat' dir='ltr'>Crasso</span> <span class='ocrx_word' id='word_1_190' title='bbox 1952 2591 2195 2650; x_wconf 83' lang='lat' dir='ltr'>redirem</span> <span class='ocrx_word' id='word_1_191' title='bbox 2224 2592 2285 2650; x_wconf 91' lang='lat' dir='ltr'>in</span> 
     </span>
     <span class='ocr_line' id='line_1_25' title="bbox 404 2685 2287 2766; baseline 0.002 -21"><span class='ocrx_word' id='word_1_192' title='bbox 404 2689 664 2764; x_wconf 82' lang='lat' dir='ltr'>gratiam,</span> <span class='ocrx_word' id='word_1_193' title='bbox 697 2685 1027 2764; x_wconf 89' lang='lat' dir='ltr'>Caesarque</span> <span class='ocrx_word' id='word_1_194' title='bbox 1056 2706 1158 2763; x_wconf 91' lang='lat' dir='ltr'>per</span> <span class='ocrx_word' id='word_1_195' title='bbox 1187 2688 1398 2747; x_wconf 89' lang='lat' dir='ltr'>litteras</span> <span class='ocrx_word' id='word_1_196' title='bbox 1426 2690 1682 2748; x_wconf 88' lang='lat' dir='ltr'>maxima</span> <span class='ocrx_word' id='word_1_197' title='bbox 1709 2708 1773 2748; x_wconf 91' lang='lat' dir='ltr'>se</span> <span class='ocrx_word' id='word_1_198' title='bbox 1799 2689 2064 2749; x_wconf 87' lang='lat' dir='ltr'>molestia</span> <span class='ocrx_word' id='word_1_199' title='bbox 2092 2708 2165 2766; x_wconf 66' lang='lat' dir='ltr'>ex</span> <span class='ocrx_word' id='word_1_200' title='bbox 2193 2690 2287 2749; x_wconf 89' lang='lat' dir='ltr'>illa</span> 
     </span>
     <span class='ocr_line' id='line_1_26' title="bbox 406 2783 2286 2865; baseline 0.001 -20"><span class='ocrx_word' id='word_1_201' title='bbox 406 2786 778 2845; x_wconf 90' lang='lat' dir='ltr'>contentione</span> <span class='ocrx_word' id='word_1_202' title='bbox 820 2783 1118 2843; x_wconf 64' lang='lat' dir='ltr'>‘adfectum</span> <span class='ocrx_word' id='word_1_203' title='bbox 1166 2787 1518 2857; x_wconf 91' lang='lat' dir='ltr'>ostenderet,</span> <span class='ocrx_word' id='word_1_204' title='bbox 1560 2787 1736 2845; x_wconf 85' lang='lat' dir='ltr'>habui</span> <span class='ocrx_word' id='word_1_205' title='bbox 1781 2801 1908 2846; x_wconf 86' lang='lat' dir='ltr'>non</span> <span class='ocrx_word' id='word_1_206' title='bbox 1955 2797 2286 2865; x_wconf 88' lang='lat' dir='ltr'>temporum</span> 
     </span>
     <span class='ocr_line' id='line_1_27' title="bbox 405 2883 2285 2962; baseline 0.001 -19"><span class='ocrx_word' id='word_1_207' title='bbox 405 2883 596 2943; x_wconf 82' lang='lat' dir='ltr'>solum</span> <span class='ocrx_word' id='word_1_208' title='bbox 623 2883 908 2941; x_wconf 87' lang='lat' dir='ltr'>rationem</span> <span class='ocrx_word' id='word_1_209' title='bbox 946 2900 1228 2952; x_wconf 87' lang='lat' dir='ltr'>meorum,</span> <span class='ocrx_word' id='word_1_210' title='bbox 1254 2884 1365 2942; x_wconf 84' lang='lat' dir='ltr'>sed</span> <span class='ocrx_word' id='word_1_211' title='bbox 1404 2885 1577 2942; x_wconf 88' lang='lat' dir='ltr'>etiam</span> <span class='ocrx_word' id='word_1_212' title='bbox 1619 2895 1875 2957; x_wconf 88' lang='lat' dir='ltr'>naturae,</span> <span class='ocrx_word' id='word_1_213' title='bbox 1904 2884 2285 2962; x_wconf 77' lang='lat' dir='ltr'>Crassusque,</span> 
     </span>
     <span class='ocr_line' id='line_1_28' title="bbox 406 2980 2287 3062; baseline 0.002 -22"><span class='ocrx_word' id='word_1_214' title='bbox 406 2991 472 3040; x_wconf 91' lang='lat' dir='ltr'>ut</span> <span class='ocrx_word' id='word_1_215' title='bbox 491 2981 656 3056; x_wconf 86' lang='lat' dir='ltr'>quasi</span> <span class='ocrx_word' id='word_1_216' title='bbox 681 2990 887 3040; x_wconf 89' lang='lat' dir='ltr'>testata</span> <span class='ocrx_word' id='word_1_217' title='bbox 913 2981 1132 3057; x_wconf 80' lang='lat' dir='ltr'>populo</span> <span class='ocrx_word' id='word_1_218' title='bbox 1162 2980 1436 3040; x_wconf 87' lang='lat' dir='ltr'>Romano</span> <span class='ocrx_word' id='word_1_219' title='bbox 1466 2988 1619 3040; x_wconf 85' lang='lat' dir='ltr'>esset</span> <span class='ocrx_word' id='word_1_220' title='bbox 1645 2994 1845 3042; x_wconf 91' lang='lat' dir='ltr'>nostra</span> <span class='ocrx_word' id='word_1_221' title='bbox 1871 2986 2070 3060; x_wconf 87' lang='lat' dir='ltr'>gratia,</span> <span class='ocrx_word' id='word_1_222' title='bbox 2100 3003 2287 3062; x_wconf 87' lang='lat' dir='ltr'>paene</span> 
     </span>
     <span class='ocr_line' id='line_1_29' title="bbox 404 3077 2289 3156; baseline 0.002 -19"><span class='ocrx_word' id='word_1_223' title='bbox 404 3097 445 3138; x_wconf 82' lang='lat' dir='ltr'>a</span> <span class='ocrx_word' id='word_1_224' title='bbox 484 3079 631 3136; x_wconf 89' lang='lat' dir='ltr'>meis</span> <span class='ocrx_word' id='word_1_225' title='bbox 672 3077 916 3136; x_wconf 88' lang='lat' dir='ltr'>Laribus</span> <span class='ocrx_word' id='word_1_226' title='bbox 955 3078 1014 3136; x_wconf 91' lang='lat' dir='ltr'>in</span> <span class='ocrx_word' id='word_1_227' title='bbox 1058 3079 1414 3153; x_wconf 84' lang='lat' dir='ltr'>provinciam</span> <span class='ocrx_word' id='word_1_228' title='bbox 1456 3089 1542 3138; x_wconf 90' lang='lat' dir='ltr'>est</span> <span class='ocrx_word' id='word_1_229' title='bbox 1583 3080 1910 3156; x_wconf 87' lang='lat' dir='ltr'>profectus;</span> <span class='ocrx_word' id='word_1_230' title='bbox 1952 3100 2110 3151; x_wconf 89' lang='lat' dir='ltr'>nam,</span> <span class='ocrx_word' id='word_1_231' title='bbox 2152 3102 2289 3142; x_wconf 89' lang='lat' dir='ltr'>cum</span> 
     </span>
     <span class='ocr_line' id='line_1_30' title="bbox 406 3161 2286 3254; baseline 0.001 -20"><span class='ocrx_word' id='word_1_232' title='bbox 406 3175 549 3250; x_wconf 83' lang='lat' dir='ltr'>mihi</span> <span class='ocrx_word' id='word_1_233' title='bbox 588 3176 959 3245; x_wconf 87' lang='lat' dir='ltr'>condixisset,</span> <span class='ocrx_word' id='word_1_234' title='bbox 986 3177 1214 3235; x_wconf 90' lang='lat' dir='ltr'>cenavit</span> <span class='ocrx_word' id='word_1_235' title='bbox 1249 3176 1408 3253; x_wconf 88' lang='lat' dir='ltr'>apud</span> <span class='ocrx_word' id='word_1_236' title='bbox 1446 3182 1552 3235; x_wconf 79' lang='lat' dir='ltr'>me&#39;</span> <span class='ocrx_word' id='word_1_237' title='bbox 1577 3177 1636 3235; x_wconf 90' lang='lat' dir='ltr'>in</span> <span class='ocrx_word' id='word_1_238' title='bbox 1674 3179 1789 3235; x_wconf 90' lang='lat' dir='ltr'>mei</span> <span class='ocrx_word' id='word_1_239' title='bbox 1826 3180 2025 3254; x_wconf 88' lang='lat' dir='ltr'>generi</span> <span class='ocrx_word' id='word_1_240' title='bbox 2065 3161 2286 3238; x_wconf 86' lang='lat' dir='ltr'>Crassi-</span> 
     </span>
     <span class='ocr_line' id='line_1_31' title="bbox 406 3272 2288 3352; baseline 0 -19"><span class='ocrx_word' id='word_1_241' title='bbox 406 3274 573 3351; x_wconf 89' lang='lat' dir='ltr'>pedis</span> <span class='ocrx_word' id='word_1_242' title='bbox 610 3273 805 3333; x_wconf 88' lang='lat' dir='ltr'>hortis.</span> <span class='ocrx_word' id='word_1_243' title='bbox 888 3272 1087 3345; x_wconf 88' lang='lat' dir='ltr'>Quam</span> <span class='ocrx_word' id='word_1_244' title='bbox 1123 3274 1201 3332; x_wconf 94' lang='lat' dir='ltr'>ob</span> <span class='ocrx_word' id='word_1_245' title='bbox 1229 3293 1352 3333; x_wconf 90' lang='lat' dir='ltr'>rem</span> <span class='ocrx_word' id='word_1_246' title='bbox 1383 3276 1504 3332; x_wconf 89' lang='lat' dir='ltr'>eius</span> <span class='ocrx_word' id='word_1_247' title='bbox 1534 3278 1799 3346; x_wconf 70' lang='lat' dir='ltr'>causam,</span> <span class='ocrx_word' id='word_1_248' title='bbox 1818 3276 1975 3352; x_wconf 89' lang='lat' dir='ltr'>quod</span> <span class='ocrx_word' id='word_1_249' title='bbox 2002 3287 2059 3334; x_wconf 92' lang='lat' dir='ltr'>te</span> <span class='ocrx_word' id='word_1_250' title='bbox 2088 3277 2288 3335; x_wconf 89' lang='lat' dir='ltr'>scribis</span> 
     </span>
     <span class='ocr_line' id='line_1_32' title="bbox 408 3372 2288 3450; baseline 0.001 -20"><span class='ocrx_word' id='word_1_251' title='bbox 408 3373 658 3443; x_wconf 90' lang='lat' dir='ltr'>audisse,</span> <span class='ocrx_word' id='word_1_252' title='bbox 693 3390 908 3448; x_wconf 84' lang='lat' dir='ltr'>magna</span> <span class='ocrx_word' id='word_1_253' title='bbox 941 3372 1096 3430; x_wconf 78' lang='lat' dir='ltr'>&#39;illius</span> <span class='ocrx_word' id='word_1_254' title='bbox 1139 3373 2016 3450; x_wconf 25' lang='lat' dir='ltr'>commendatione-susceptam</span> <span class='ocrx_word' id='word_1_255' title='bbox 2055 3372 2288 3433; x_wconf 88' lang='lat' dir='ltr'>defendi</span> 
     </span>
     <span class='ocr_line' id='line_1_33' title="bbox 407 3470 2287 3550; baseline 0.002 -21"><span class='ocrx_word' id='word_1_256' title='bbox 407 3470 471 3529; x_wconf 83' lang='lat' dir='ltr'>in</span> <span class='ocrx_word' id='word_1_257' title='bbox 522 3481 746 3542; x_wconf 89' lang='lat' dir='ltr'>senatu,</span> <span class='ocrx_word' id='word_1_258' title='bbox 796 3472 943 3533; x_wconf 88' lang='lat' dir='ltr'>sicut</span> <span class='ocrx_word' id='word_1_259' title='bbox 998 3490 1130 3531; x_wconf 87' lang='lat' dir='ltr'>mea</span> <span class='ocrx_word' id='word_1_260' title='bbox 1185 3472 1330 3550; x_wconf 85' lang='lat' dir='ltr'>fides</span> <span class='ocrx_word' id='word_1_261' title='bbox 1384 3472 1737 3549; x_wconf 77' lang='lat' dir='ltr'>postulabat.-</span> <span class='ocrx_word' id='word_1_262' title='bbox 1834 3490 1928 3531; x_wconf 86' lang='lat'>21.</span> <span class='ocrx_word' id='word_1_263' title='bbox 1976 3472 2287 3549; x_wconf 90' lang='lat' dir='ltr'>Accepisti,</span> 
     </span>
    </p>
   </div>
  </div>
 </body>
</html>
