2642 3925
267 252 353 315 Ep.
376 234 483 323 20.]
718 248 938 302 EPIST.
982 248 1081 296 An
1122 248 1166 296 A
1180 244 1448 299 Trtctm
1489 244 1589 299 Ῑν.
1641 253 1695 305 1.
2061 247 2148 321 55

266 406 492 475 rissent,
521 406 771 481 impulsu
800 404 990 464 Clodii
1024 424 1155 463 mea
1193 423 1375 481 opera
1410 403 1682 464 frumenti
1719 404 1978 481 inopiam
2019 423 2149 465 esse

269 504 600 574 clamarent,
628 521 763 562 cum
797 522 903 581 per
927 521 1032 562 eos
1061 503 1186 562 dies
1214 512 1450 564 senatus
1480 504 1554 563 de
1581 515 1818 563 annona
1844 503 2154 563 haberetur

269 609 329 659 et
349 600 425 659 ad
446 602 569 659 eius
589 602 1057 677 procurationem
1080 617 1350 659 sermone
1368 619 1494 660 non
1515 600 1707 659 solum
1728 599 1930 676 plebis,
1950 616 2152 659 verum

270 698 444 756 etiam
484 699 775 757 bonorum
816 698 1129 775 Pompeius
1170 706 1473 757 vocaretur
1512 698 1686 775 idque
1727 698 1854 773 ipse
1898 704 2158 773 cuperet,

270 795 691 872 multitudoque
728 814 763 855 a
800 814 896 854 me
934 796 1297 865 nominatim,
1329 805 1392 854 ut
1429 795 1490 854 id
1531 795 1925 866 decernerem,
1954 805 2154 871 postu—

270 893 428 965 laret,
470 893 581 952 feci
627 903 685 952 et
733 902 999 952 accurate
1048 893 1396 951 sententiam
1454 892 1590 951 dixi.
1675 890 1830 951 Cum
1885 893 2158 951 abessent

273 991 621 1062 consulareS,
686 991 846 1067 quod
909 1000 1035 1048 tuto
1100 1007 1166 1049 se
1231 1000 1512 1066 negarent
1570 1008 1747 1067 posse
1815 990 2158 1049 sententiam

274 1090 481 1159 dicere,
549 1098 775 1165 praeter
848 1085 1185 1146 Messallam
1260 1097 1319 1146 et
1388 1087 1718 1159 Afranium,
1787 1086 2005 1147 factum
2071 1098 2159 1146 est

274 1196 508 1245 senatus
561 1186 890 1244 consultum
938 1185 998 1242 in
1045 1202 1237 1243 meam
1287 1188 1650 1258 sententiam,
1690 1195 1755 1245 ut
1803 1203 1938 1245 cum
1986 1185 2160 1244 Pom-

273 1286 409 1363 peio
458 1294 721 1361 ageretur
773 1292 837 1341 ut
890 1301 1022 1341 eam
1075 1301 1200 1340 rem
1254 1284 1570 1361 susciperet
1622 1283 1832 1362 lexque
1887 1284 2127 1343 ferretur
2139 1300 2159 1355 3

276 1390 404 1457 quo'
440 1390 675 1440 senatus
716 1381 984 1440 consulto
1031 1380 1273 1440 recitato
1325 1382 1604 1441 continuo
1655 1400 1792 1441 cum
1837 1400 2001 1441 more
2043 1380 2160 1440 hoc

275 1479 494 1537 insulso
520 1487 579 1537 et
605 1495 759 1536 novo
786 1478 1055 1553 plausum
1084 1496 1221 1537 meo
1250 1467 1490 1537 nomine
1517 1480 1815 1540 recitando
1846 1480 2158 1548 dedissent,

276 1576 451 1635 habui
486 1576 857 1647 contionem;
902 1592 1110 1633 omnes
1148 1577 1521 1652 magistratus
1559 1586 1895 1653 praesentes
1936 1585 2165 1654 praeter

277 1692 460 1733 unum
487 1683 815 1750 praetorem
843 1683 902 1730 et
930 1671 1080 1731 duos
1108 1674 1373 1733 tribunos
1401 1675 1476 1750 pL
1509 1675 1810 1734 dederunt.
1897 1687 1950 1749 7.
1996 1672 2166 1731 Post-

278 1770 420 1830 ridie
462 1780 694 1830 senatus
736 1769 1044 1845 frequens;
1090 1780 1148 1830 et
1182 1789 1394 1831 omnes
1432 1772 1764 1831 consulares
1804 1770 1945 1829 nihil
1988 1770 2165 1828 Pom-

278 1869 414 1946 peio
468 1867 783 1944 postulanti
836 1878 1155 1943 negarunt3
1212 1868 1306 1927 ille
1360 1867 1587 1944 legatos
1643 1867 1978 1951 quindecim
2028 1882 2166 1925 cum

280 1967 614 2044 postularet,
670 1984 765 2023 me
819 1967 1141 2042 principem
1199 1967 1520 2026 nominavit
1575 1975 1635 2025 et
1687 1967 1770 2024 ad
1817 1965 2017 2024 omnia
2070 1981 2167 2022 me

280 2064 520 2123 alterum
563 2080 627 2122 se
667 2062 791 2121 fore
833 2063 991 2122 dixit.
1078 2063 1303 2139 Legem
1354 2064 1628 2124 consules
1675 2063 2165 2139 conscripserunt,

282 2179 400 2239 qua
434 2159 718 2237 Pompeio
756 2179 861 2236 per
898 2161 1360 2237 quinquennium
1398 2162 1590 2221 omnis
1625 2170 1884 2239 potestas
1925 2159 2011 2219 rei
2049 2158 2166 2218 fru-

280 2259 592 2318 mentariae
633 2268 759 2318 toto
801 2259 943 2316 orbe
986 2269 1263 2316 terrarum
1305 2257 1568 2332 daretur;
1610 2260 1850 2318 alteram
1893 2257 2169 2329 Messius,

282 2357 381 2434 qui
407 2357 601 2416 omnis
628 2357 910 2433 pecuniae
940 2357 1039 2415 dat
1064 2365 1413 2432 potestatem
1442 2366 1501 2416 et
1529 2357 1790 2433 adiungit
1827 2357 2075 2415 classem
2112 2365 2171 2415 et

281 2455 595 2512 exercitum
612 2462 668 2511 et
689 2454 875 2511 maius
898 2454 1204 2529 imperium
1226 2454 1287 2513 in
1307 2455 1636 2530 provinciis,
1657 2474 1834 2532 quam
1854 2455 1930 2514 sit
1949 2472 2169 2527 eorum,

282 2552 383 2628 qui
410 2569 511 2609 eas
545 2551 877 2610 obtineant:
906 2551 1001 2608 illa
1027 2560 1228 2609 nostra
1254 2551 1348 2609 lex
1376 2553 1692 2612 consularis
1720 2570 1878 2612 nunc
1905 2551 2177 2612 modesta

281 2650 519 2718 videtur,
547 2648 692 2707 haec
734 2645 939 2706 Messii
979 2665 1103 2706 non
1141 2647 1399 2709 ferenda.
1481 2649 1798 2728 Pompeius
1835 2649 1993 2708 illam
2028 2648 2172 2706 velle

284 2765 347 2806 se
390 2746 543 2816 dicit,
582 2744 887 2804 familiares
929 2743 1097 2805 hanc.
1181 2745 1536 2807 Consulares
1576 2748 1726 2807 duce
1767 2747 2027 2805 Favonio
2062 2743 2174 2803 fre-

284 2852 484 2914 munt3
526 2859 639 2899 nos
677 2850 952 2912 tacemus,
988 2851 1045 2900 et
1084 2859 1157 2901 eo
1199 2844 1405 2920 magis,
1434 2844 1593 2921 quod
1636 2845 1710 2903 de
1752 2842 1933 2902 domo
1973 2851 2175 2902 nostra

283 2940 427 3001 nihil
479 2938 670 2997 adhuc
724 2939 1031 3014 pontifices
1086 2941 1547 3016 responderunt:
1605 2941 1704 3016 qui
1751 2941 1800 3000 si
1847 2941 2175 3002 sustulerint

284 3038 640 3114 religionem,
699 3053 894 3094 aream
951 3037 1302 3112 praeclaram
1364 3037 1742 3112 habebimus;
1810 3040 2188 3116 superficiem»

286 3135 555 3197 consules
620 3153 693 3192 ex
754 3143 987 3194 senatus
1042 3135 1308 3194 consulto
1365 3136 1781 3197 aestimabunt:
1853 3139 1942 3196 sin
1997 3139 2172 3206 aliter,

288 3233 689 3303 demolientur,
733 3248 841 3290 suo
888 3232 1125 3290 nomine
1174 3231 1466 3304 locabunt,
1510 3251 1634 3292 rem
1677 3244 1862 3294 totam
1910 3235 2173 3293 aestima-

284 3333 450 3392 bunt.
536 3333 589 3387 8.
635 3327 725 3386 Ita
766 3337 901 3387 sunt
940 3346 1034 3390 res
1076 3338 1326 3399 nostrae,
1354 3340 1418 3388 ut
1457 3331 1517 3388 in
1560 3332 1846 3402 secundiS,
1875 3331 2082 3402 fluxae,
2111 3341 2174 3392 ut

288 3413 352 3489 in
391 3426 664 3498 adversis,
690 3428 902 3486 bonae.
984 3425 1057 3488 In
1096 3444 1158 3485 re
1199 3426 1464 3488 familiari
1503 3427 1670 3488 valde
1710 3446 1929 3501 sumus»,
1956 3438 2020 3488 ut
2059 3429 2194 3490 scis·
