2642 3925
463 273 498 318 2
506 270 592 337 74
827 300 831 304 «
999 268 1080 322 M.
1131 269 1372 319 TULLII
1413 270 1617 319 crcER
1625 270 1797 319 oms
2119 254 2253 342 [Pars
2284 271 2343 320 v,

460 419 569 485 sibi
604 436 740 482 cum
766 418 853 479 M.
882 418 1111 497 Lepido
1151 420 1476 482 convenire.
1559 420 1988 481 Succlamatum
2029 428 2117 479 est
2153 420 2207 479 ei
2236 420 2345 479 fre-

458 527 701 594 quenter
740 534 778 575 a
817 518 1091 577 militibus
1129 517 1715 578 Ventidianis-nam
1770 536 1909 577 suos
1954 518 2119 576 valde
2165 534 2344 593 quam

461 632 682 691 paucos
728 614 1002 687 habet—,
1045 614 1154 673 sibi
1202 626 1303 674 aut
1349 617 1410 675 in
1447 617 1614 676 Italia
1659 618 2020 693 pereundum
2068 632 2196 673 esse
2246 626 2346 672 aut

460 710 846 783 vincendum3
889 721 948 770 et
987 728 1155 769 orare
1194 722 1530 789 coeperunt,
1556 723 1625 772 ut
1663 712 2008 771 Pollentiam
2047 712 2155 769 iter
2194 710 2347 768 face-

459 815 604 865 rent.
689 806 843 867 Cum
884 808 1164 873 sustinere
1207 825 1310 867 eos
1350 827 1477 869 non
1517 820 1733 886 posset,
1762 810 1824 869 in
1851 819 2151 886 posterum
2192 808 2347 867 diem

462 905 566 963 iter
594 922 766 964 suum
793 905 1054 965 contulit.
1136 923 1193 977 4.
1236 904 1373 965 Hac
1398 925 1463 965 re
1488 907 1633 965 mihi
1657 908 1922 965 nuntiata
1957 907 2150 968 statim
2176 892 2345 983 quin-

461 1021 578 1079 que
614 1003 884 1061 cohortes
911 1001 1257 1061 Pollentiam
1292 1003 1568 1081 praemisi
1607 1022 1920 1081 meumque
1953 1004 2062 1063 iter
2092 1022 2170 1064 eo
2206 1022 2347 1062 con-

461 1100 599 1158 tuli:
642 1098 787 1158 hora
826 1108 959 1157 ante
1001 1100 1352 1175 praesidium
1393 1118 1591 1159 meum
1617 1099 1958 1159 Pollentiam
1983 1100 2139 1159 venit
2169 1117 2347 1176 quam

464 1197 787 1256 Trebellius
827 1214 964 1256 cum
1004 1197 1310 1275 equitibus,
1348 1270 1357 1276 ,
1398 1197 1552 1258 Sane
1593 1216 1772 1276 quam
1812 1216 1942 1257 sum
1981 1198 2245 1276 gavisus3
2288 1197 2348 1254 in
2445 1184 2450 1189 ⁴

463 1294 577 1354 hoc
619 1296 776 1353 enim
807 1290 1128 1353 victoriam·
1148 1304 1290 1371 puto
1331 1298 1665 1356 consistere.
1746 1296 1820 1355 In
1862 1314 2029 1374 spem
2055 1305 2348 1366 venerant,

463 1393 626 1468 quod
651 1410 844 1469 neque
870 1391 1068 1451 Planci
1097 1402 1368 1469 quattuor
1392 1393 1655 1470 legiones
1691 1396 1968 1453 omnibus
2007 1394 2126 1454 suis
2164 1395 2350 1471 copiis

465 1506 633 1564 pares
661 1489 1080 1548 arbitrabantur
1100 1508 1291 1567 neque
1319 1508 1396 1549 ex
1418 1491 1583 1551 Italia
1609 1500 1731 1551 tam
1759 1492 2015 1551 celeriter
2035 1493 2349 1550 exercitum

465 1586 645 1648 traiici
669 1603 845 1663 posse
874 1585 1203 1645 credebant.
1289 1585 1461 1659 Quos
1481 1588 1592 1665 ipsi
1621 1588 1809 1648 adhuc
1836 1589 1973 1648 satis
2002 1589 2355 1668 adroganter

466 1684 817 1760 Allobroges
857 1685 1264 1761 equitatusque
1304 1686 1516 1757 omnis,
1547 1686 1646 1763 qui
1676 1703 1750 1745 eo
1764 1691 1765 1694 ’
1778 1686 2126 1763 praemissus
2166 1695 2287 1743 erat
2315 1701 2353 1742 a

467 1781 654 1852 nobiS‚
703 1780 1082 1854 sustinebant,
1131 1791 1454 1858 nostroque
1506 1783 1763 1842 adventu
1812 1783 2077 1842 sustineri
2130 1780 2351 1841 facilius

468 1897 643 1956 posse
683 1879 1046 1939 confidimus·
1127 1879 1379 1950 Tamen,
1407 1879 1456 1938 si
1483 1896 1603 1955 quo
1629 1881 1816 1939 *etiam
1857 1898 1997 1939 casu
2024 1879 2246 1938 Isaram
2288 1897 2354 1937 se

470 1978 807 2049 traiecerint‚
835 1995 912 2037 ne
944 1978 1107 2055 quod
1147 1977 1558 2036 detrimentum
1597 1979 1680 2037 rei
1722 1978 1990 2055 publicae
2029 1977 2351 2054 iniungant,

471 2093 699 2134 summa
725 2094 761 2135 a
787 2076 957 2136 nobis
987 2075 1214 2134 dabitur
1239 2092 1435 2151 opera.
1520 2089 1576 2150 5.
1599 2075 1746 2134 ·Vos
1774 2093 2057 2151 magnum
2091 2076 2354 2134 animum

472 2175 867 2250 optimamque
910 2190 1076 2249 spem
1113 2173 1188 2232 de
1229 2191 1458 2231 summa
1484 2192 1547 2231 re
1573 2173 1804 2249 publica
1829 2172 2043 2232 habere
2069 2173 2355 2244 volumuS,

473 2289 607 2341 cum
666 2280 727 2330 et
778 2288 890 2329 nos
946 2280 1004 2330 et
1056 2271 1357 2329 exercitus>
1411 2280 1643 2329 nostros
1713 2270 1986 2346 singulari
2040 2271 2356 2330 concordia

475 2370 817 2431 coniunctos
870 2368 948 2427 ad
999 2369 1201 2427 omnia
1247 2385 1356 2444 pro
1399 2368 1564 2426 vobis
1607 2368 1846 2426 videatis
1900 2376 2150 2444 paratos.
2238 2367 2357 2428 Sed

472 2479 668 2526 tamen
698 2464 838 2523 nihil
873 2465 950 2523 de
992 2465 1283 2540 diligentia
1324 2465 1610 2523 remittere
1650 2464 1872 2523 debetis
1913 2465 2166 2542 dareque
2210 2483 2355 2542 ope-

470 2583 613 2636 ram,
641 2574 704 2623 ut
731 2580 911 2639 quam
936 2561 1283 2638 paratissimi
1308 2571 1368 2620 et
1393 2563 1472 2620 ab
1503 2562 1756 2620 exercitu
1792 2561 2140 2638 reliquisque
2181 2563 2359 2621 rebus

468 2680 577 2739 pro
613 2672 804 2720 vestra
844 2659 1027 2719 salute
1068 2668 1271 2718 contra
1312 2657 1814 2717 sceleratissimam
1857 2659 2357 2735 conspirationem

470 2760 723 2818 hostium
771 2757 1195 2833 confligamus3
1236 2755 1338 2832 qui
1377 2755 1615 2832 quidem
1657 2773 1758 2814 eas
1805 2756 2024 2832 copiaS‚
2066 2774 2214 2834 quas
2257 2757 2359 2815 diu

471 2857 840 2917 simulatione,
877 2857 961 2924 rei
1006 2855 1272 2932 publicae
1313 2850 1750 2932 comparabant,
1786 2854 1977 2914 subito
2018 2854 2096 2913 ad
2134 2855 2358 2932 patriae

472 2955 788 3030 periculum
816 2962 1233 3015 converterunt.
