2642 3925
321 249 410 311 Ep.
449 235 558 322 16.]
708 247 936 297 EPIST.
980 247 1082 297 AD
1123 247 1457 298 Arrrcmu
1492 247 1603 298 111.
1654 251 1750 318 15.
2119 249 2207 318 45

321 406 528 477 scribo,
559 424 678 483 quo
704 414 763 464 te
795 422 929 464 non·
943 423 1081 466 meo
1119 422 1258 465 casu
1297 405 1558 464 maximo
1600 403 1803 464 dolore
1844 421 1972 463 esse
2011 404 2208 463 adfec-

319 513 443 563 tum
471 506 669 575 sciam,
699 504 806 563 sed
832 503 1115 581 profecto,
1144 504 1211 576 si,
1240 514 1522 581 quantum
1558 520 1655 561 me
1696 520 1859 562 amas
1900 512 1958 562 et
1984 504 2206 573 amasti,

320 612 546 662 tantum
600 619 796 662 amare
851 602 1094 661 deberes
1148 619 1218 661 ae
1279 602 1600 673 debuisses,
1656 619 1980 678 numquam
2046 618 2206 660 esses

318 718 528 777 passus
564 719 680 771 me,
709 717 829 777 quo
869 709 935 757 tu
973 699 1334 771 abundabas,
1376 717 1549 776 egere
1592 699 1853 772 consilio,
1896 717 2007 758 nee
2046 716 2208 757 esses

318 817 525 876 passus
552 799 694 858 mihi
725 798 1060 875 persuaderi
1086 798 1222 857 utile
1249 798 1422 857 nobis
1449 816 1578 857 esse
1614 797 1808 873 legem
1848 796 1923 857 de
1950 796 2207 871 collegiis

318 897 567 974 perferri.
656 895 775 955 Sed
799 905 865 953 tu
891 905 1117 954 tantum
1156 895 1424 954 lacrimas
1464 895 1783 973 praebuisti
1825 893 2011 954 dolori
2052 911 2208 963 me0,

319 995 481 1071 quod
520 1003 642 1053 erat
682 993 914 1064 amoris,
944 1004 1246 1069 tamquam
1283 992 1411 1069 ipse
1438 1009 1587 1068 ego;
1630 992 1792 1070 quod
1818 992 2035 1051 meritis
2062 991 2208 1050 meis

319 1091 640 1169 perfectum
667 1091 939 1167 oportuit,
960 1101 1026 1148 ut
1053 1091 1179 1149 dies
1207 1098 1265 1149 et
1291 1100 1514 1161 noctes,
1536 1090 1679 1167 quid
1704 1090 1848 1155 mihi
1875 1089 2208 1149 faciendum

320 1199 490 1261 esset,
517 1188 823 1264 cogitares,
851 1188 913 1247 id
945 1189 1053 1247 abs
1094 1196 1153 1246 te
1192 1205 1349 1257 mee,
1390 1205 1515 1246 non
1555 1197 1658 1246 tuo
1701 1187 1915 1247 scelere
1955 1196 2208 1263 praeter-

320 1287 569 1345 missum
596 1294 700 1345 est.
764 1284 948 1358 Quod
975 1286 1026 1345 si
1053 1302 1180 1344 non
1205 1285 1391 1344 modo
1419 1295 1501 1356 tu,
1524 1285 1630 1345 sed
1657 1286 1963 1362 quisquam
1991 1284 2207 1356 fuisset,

323 1384 423 1461 qui
449 1401 546 1442 me
567 1383 830 1460 Pompeii
855 1383 1051 1442 minus
1077 1382 1297 1442 liberali
1324 1400 1613 1459 responso
1640 1384 2005 1460 perterritum
2031 1402 2068 1441 a
2092 1392 2210 1441 tur-

322 1483 564 1559 pissimo
603 1481 844 1541 consilio
880 1489 1197 1552 revocaret,
1235 1480 1399 1557 quod
1439 1499 1592 1540 unus
1628 1489 1693 1540 tu
1728 1480 1918 1540 facere
1958 1480 2211 1539 maxime

321 1577 576 1655 potuisti,
606 1587 705 1638 aut
736 1578 1146 1637 occubuissem
1173 1577 1421 1636 honeste
1459 1587 1559 1637 aut
1585 1578 1829 1637 victores
1857 1577 2033 1636 hodie
2060 1577 2211 1635 vive-

321 1694 532 1736 remus.
616 1675 737 1735 Hic
762 1675 908 1734 mihi
934 1677 1242 1753 ignosces:
1284 1693 1383 1735 me
1408 1677 1568 1735 enim
1593 1676 1787 1752 ipsum
1813 1675 1998 1735 multo
2025 1676 2212 1752 magis

324 1792 558 1846 accuse,
580 1773 792 1834 deinde
817 1782 877 1834 te
904 1774 1072 1851 quasi
1096 1782 1198 1833 me
1225 1773 1498 1846 alterum3
1527 1783 1586 1833 et
1612 1774 1784 1832 simul
1810 1792 1979 1832 meae
2007 1773 2212 1849 culpae

326 1874 552 1933 socium
578 1889 816 1948 quaero,
845 1889 915 1930 ae
946 1871 993 1931 si
1021 1872 1307 1943 restituor,
1339 1872 1515 1930 etiam
1542 1871 1737 1929 minus
1766 1870 2084 1929 videbimur
2111 1869 2212 1928 de-

324 1971 578 2048 liquisse,
607 1972 715 2029 abs
741 1980 916 2046 teque
942 1982 1117 2041 certe,
1145 1971 1428 2047 quoniam
1463 1970 1627 2029 nullo
1654 1981 1873 2040 nostro,
1900 1978 2007 2028 tuo
2032 1969 2051 2026 i
2094 1969 2212 2028 sius
2243 1955 2362 2049 Μ
2375 1960 2417 2038 5
2450 1964 2490 2019 7
2519 1957 2626 2021 ’λ’-ἵ

326 2069 614 2128 beneficio
642 2068 964 2144 diligemur.
1051 2081 1106 2141 5.
1136 2066 1319 2139 Quod
1346 2078 1404 2126 te
1433 2085 1569 2126 cum
1598 2066 1881 2128 Culleone
1909 2068 2111 2126 scribis
2138 2068 2212 2127 de

327 2166 629 2245 privilegio
657 2165 937 2237 locutum,
965 2174 1055 2224 est
1081 2165 1319 2242 aliquid,
1350 2166 1457 2225 sed
1483 2165 1666 2225 multo
1694 2174 1784 2225 est
1809 2165 2016 2224 melius
2044 2167 2214 2225 abro-

327 2264 488 2341 gari:
530 2264 580 2323 si
621 2263 781 2322 enim
816 2280 995 2322 nemo
1037 2263 1336 2340 impediet,
1360 2264 1508 2340 quid
1547 2273 1637 2324 est
1670 2264 1933 2324 firmius?
1973 2264 2064 2324 sin
2092 2265 2213 2337 erit,

264 2402 270 2409 -
329 2362 430 2440 qui
481 2361 616 2420 ferri
669 2377 794 2419 non
849 2361 1020 2433 sinat,
1075 2361 1233 2420 idem
1274 2372 1511 2421 senatus
1560 2362 1828 2421 consulto
1882 2362 2214 2423 intercedet.

266 2408 459 2520 Qec
502 2459 818 2535 quicquam
859 2457 1014 2517 aliud
1053 2475 1206 2534 opus
1247 2467 1338 2518 est
1377 2460 1688 2535 abrogari:
1745 2477 1884 2518 nam
1924 2462 2083 2537 prior
2120 2460 2215 2520 lex

330 2576 441 2617 nos
480 2556 624 2616 nihil
658 2554 959 2626 laedebat;
1000 2573 1180 2631 quam
1221 2556 1287 2627 si,
1324 2565 1391 2615 ut
1429 2567 1518 2617 est
1557 2556 1940 2634 promulgata,
1981 2558 2215 2618 laudare

331 2654 712 2713 voluissemus
753 2662 872 2725 aut,
908 2661 978 2712 ut
1030 2662 1155 2711 erat
1207 2653 1592 2730 neglegenda,
1633 2655 1960 2732 neglegere,
2002 2671 2215 2712 nocere

282 2758 289 2765 ‘
331 2751 575 2812 omnino
616 2750 788 2809 nobis
828 2767 951 2809 non
991 2750 1289 2826 potuisset.
1376 2750 1495 2811 Hie
1535 2752 1677 2811 mihi
1717 2736 1971 2829 primum
2018 2769 2214 2809 meum

334 2847 636 2908 consilium
665 2847 862 2918 defuit,
893 2847 998 2906 sed
1026 2849 1202 2906 etiam
1239 2848 1439 2907 obfuit.
1527 2847 1720 2920 Caeci,
1751 2849 1927 2920 caeci,
1955 2849 2214 2925 inquam,

332 2944 548 3005 fuimus
575 2945 636 3003 in
661 2946 870 3005 vestitu
895 2944 1198 3017 mutand0,
1226 2946 1288 3004 in
1325 2945 1547 3023 populo
1573 2944 1857 3022 rogando,
1887 2946 2067 3021 quod,
2104 2946 2216 3005 nisi

334 3043 679 3104 nominatim
722 3061 961 3103 mecum
1000 3044 1098 3120 agi
1140 3054 1419 3120 coeptum
1459 3053 1630 3115 esset,
1660 3044 1784 3103 fieri
1823 3045 2216 3121 perniciosum

332 3141 456 3205 fuit.
541 3140 659 3200 Sed
696 3158 882 3218 pergo
923 3143 1261 3219 praeterita;
1301 3160 1503 3201 verum
1529 3151 1727 3201 tamen
1767 3144 1849 3203 ob
1884 3144 2037 3202 hanc
2078 3160 2215 3202 cau-

333 3259 478 3312 sam,
515 3249 598 3312 ut,
626 3240 693 3297 'si
739 3239 880 3317 quid
926 3250 1147 3316 agetur,
1195 3238 1387 3316 legem
1431 3241 1605 3311 illam,
1647 3240 1709 3303 in
1752 3259 1869 3318 qua
1914 3240 2217 3317 popularia

332 3340 513 3398 multa
538 3349 690 3416 sunt,
721 3356 798 3397 ne
821 3316 1164 3416 tangatis.)
1178 3341 1232 3402 6.
1276 3338 1501 3399 Verum
1527 3350 1616 3399 est
1654 3340 1890 3399 stultum
1929 3356 2025 3397 me
2052 3357 2217 3416 prae·

335 3436 544 3515 cipere,
572 3437 719 3517 quid
738 3436 929 3514 agatis
971 3445 1071 3499 aut
1096 3453 1218 3515 quo
1259 3430 1473 3499 modo:
1527 3438 1751 3498 utinam
1790 3436 1973 3497 modo
2014 3447 2217 3514 agatur
