2642 3925
471 269 596 337 232
1025 266 1105 317 Μ.
1153 265 1389 313 TULLII
1430 265 1637 314 cmm
1645 265 1813 313 oms
1950 253 1960 258 '
2130 250 2267 335 [Pars
2294 260 2369 314 v:

469 421 870 490 commissum,
912 421 1074 498 quod
1123 432 1274 480 esset
1317 421 1570 479 alienum
1618 430 1820 480 nostra
1865 420 2131 491 amicitia,
2175 420 2373 479 credi-

472 519 660 577 disse:
704 537 843 576 nam
872 529 1099 596 praeter
1125 519 1287 590 haec,
1306 537 1457 596 quae
1485 520 1953 588 commemoravi,
1974 537 2124 594 quae
2153 529 2371 577 testata

470 626 604 674 sunt
646 627 705 674 et
749 617 1000 687 illustria,
1029 616 1220 676 habeo
1262 617 1449 675 multa
1494 611 1826 688 occultiora,
1855 635 2006 692 quae
2033 617 2128 674 vix
2170 617 2369 675 verbis

469 714 710 790 exsequi
739 732 999 791 possum.
1089 712 1306 773 Omnia
1345 732 1443 773 me
1485 725 1586 772 tua
1626 714 1928 785 delectant,
1957 714 2077 773 sed'
2103 714 2368 772 maxime

475 807 784 894 [maxima]
820 831 955 871 cum
991 811 1136 871 fides
1173 812 1233 870 in
1270 813 1539 883 amicitia,
1567 812 1893 883 consilium,
1923 812 2185 888 gravitas,
2216 829 2365 870 con-

471 909 701 980 stantia,
729 919 852 968 tum
879 909 1063 986 lepOS,
1092 908 1438 981 humanitaS‚
1460 909 1696 968 litterae.
1779 908 2155 986 Quapropter
2178 909 2363 968 redeo

469 1025 627 1065 nunc
669 1008 747 1067 ad
780 1007 1091 1084 querelam.
1179 1021 1232 1082 7.
1276 1006 1412 1084 Ego
1453 1016 1511 1066 te
1552 1006 1890 1082 suffragium
1928 1007 2124 1065 tulisse
2165 1007 2225 1064 in
2263 1007 2366 1066 illa

466 1104 596 1181 lege
639 1105 890 1179 primum
943 1122 1066 1163 non
1107 1104 1362 1177 credidi;
1406 1103 1634 1173 deinde,
1672 1103 1721 1162 si
1761 1103 2155 1175 credidissem,
2189 1123 2365 1163 num·

469 1221 648 1278 quam
687 1201 749 1260 id
789 1202 912 1260 sine
956 1201 1149 1278 aliqua
1189 1201 1342 1259 iusta
1385 1218 1560 1260 causa
1600 1200 1990 1258 existimarem
2032 1211 2089 1258 te
2134 1199 2365 1260 fecisse.

467 1297 738 1376 Dignitas
793 1309 893 1357 tua
948 1297 1099 1369 facit,
1149 1309 1211 1356 ut
1265 1297 1765 1369 animadvertatur,
1812 1297 2089 1374 quicquid
2142 1297 2362 1371 facias3

467 1396 870 1456 malevolentia
909 1406 1105 1454 autem
1132 1395 1454 1467 hominum,
1484 1404 1548 1453 ut
1584 1412 1708 1453 non
1745 1395 1901 1453 nulla
1935 1395 2146 1466 durius,
2177 1413 2363 1471 quam

471 1513 507 1551 a
554 1504 611 1552 te
659 1493 808 1552 facta
856 1494 988 1564 sint,
1035 1493 1429 1568 proferantur:
1492 1511 1563 1551 ea
1606 1503 1668 1551 tu
1696 1493 1765 1552 -si
1813 1510 1937 1551 non
1985 1492 2167 1564 audis,
2211 1493 2367 1569 quid·

472 1591 663 1650 dicam
707 1590 941 1664 nescio;
984 1589 1272 1666 equidem,
1313 1590 1362 1648 si
1404 1590 1642 1667 quando
1681 1589 1875 1661 audie,
1918 1600 2039 1647 tam
2081 1589 2357 1661 defend0,

469 1706 646 1764 quam
683 1706 779 1748 me
822 1689 945 1748 scio
983 1706 1021 1746 a
1053 1697 1112 1747 te
1155 1698 1359 1747 contra
1395 1688 1628 1764 iniquos
1664 1705 1831 1746 meos
1874 1688 2059 1747 solere
2100 1688 2359 1748 defendi.

465 1785 750 1845 Defensio
777 1796 970 1845 autem
997 1794 1085 1843 est
1113 1785 1361 1861 duplex:
1404 1785 1517 1843 alia
1544 1796 1695 1856 sunt,
1717 1803 1868 1860 quae
1888 1785 2108 1862 liquido
2137 1804 2362 1862 negare

467 1883 706 1956 soleam,
735 1893 800 1943 ut
834 1882 906 1942 de
939 1883 1051 1941 isto
1090 1882 1219 1958 ipso
1261 1881 1573 1957 suffragio;
1618 1882 1746 1952 alia,
1775 1900 1925 1959 quae
1969 1881 2283 1942 defendam
2322 1902 2364 1941 a

467 1994 525 2042 te
553 1984 648 2059 pie
677 1983 799 2041 fieri
836 1991 894 2041 et
919 1966 1191 2051 humane,
1221 1988 1285 2039 ut
1313 1980 1388 2045 de
1426 1981 1723 2039 curatione
1760 1980 2046 2040 ludorum.
2133 1983 2188 2039 8.
2237 1980 2364 2041 Sed

465 2092 542 2154 te,
599 2082 900 2140 hominem
956 2080 1375 2150 doctissimum,
1437 2096 1559 2137 non
1627 2078 1789 2155 fugit,
1848 2080 1896 2139 si
1967 2078 2186 2139 Caesar
2253 2100 2364 2140 rex

468 2178 881 2254 fuerit—quod
919 2177 1061 2235 mihi
1091 2177 1329 2253 quidem
1356 2176 1679 2247 videtur—,
1706 2177 1767 2235 in
1798 2187 2104 2254 utramque
2130 2188 2363 2254 partem

470 2278 544 2335 de
573 2289 675 2335 tuo
718 2275 910 2334 officio
949 2274 1225 2351 disputari
1254 2291 1451 2351 posse,
1478 2273 1568 2331 vel
1596 2274 1656 2331 in
1699 2292 1846 2345 eam,
1877 2292 1992 2351 qua
2034 2293 2147 2350 ego
2189 2276 2365 2335 soleo

471 2373 568 2443 uti,
619 2371 994 2431 laudandam.
1030 2389 1157 2429 esse
1213 2370 1391 2429 fidem
1449 2381 1508 2429 et
1554 2370 1973 2431 humanitatem
2029 2382 2207 2443 tuam,
2256 2375 2363 2449 qui

474 2470 731 2528 amicum
760 2470 935 2528 etiam
963 2479 1256 2528 mortuum
1287 2468 1509 2545 diligas,
1540 2469 1630 2527 vel
1658 2470 1720 2527 in
1746 2488 1894 2541 eam,
1922 2488 2040 2547 qua
2066 2488 2191 2529 non
2217 2472 2364 2531 nulli

470 2580 730 2641 utuntur,
751 2568 1074 2626 libertatem
1102 2566 1321 2643 patriae
1342 2567 1490 2626 vitae
1518 2567 1691 2626 amici
1718 2570 2209 2644 anteponendam.
2264 2569 2364 2631 Ex

469 2665 562 2727 his
601 2665 968 2725 sermonibus
1000 2665 1221 2722 utinam
1259 2673 1454 2721 essent
1490 2663 1712 2723 delatae
1750 2664 1826 2724 ad
1851 2674 1909 2725 te
1936 2665 2364 2741 disputationes

469 2767 672 2824 meae!
758 2763 864 2822 Illa
891 2780 1029 2821 vero
1057 2761 1193 2834 duo,
1222 2779 1372 2837 quae
1401 2762 1658 2819 maxima
1685 2772 1820 2820 sunt
1846 2762 2084 2821 laudum
2112 2774 2364 2836 tuarum,

473 2863 603 2938 quis
631 2872 729 2920 aut
756 2860 1024 2919 libentius
1054 2876 1229 2936 quam
1269 2876 1383 2934 ego
1419 2870 1839 2918 commemorat
1866 2870 1965 2919 aut
1992 2862 2263 2938 saepius?
2302 2873 2365 2922 te

471 2970 530 3018 et
551 2977 673 3017 non
704 2958 1054 3034 suscipiendi
1075 2956 1209 3014 belli
1231 2956 1411 3015 civilis
1431 2957 1831 3030 gravissimum
1858 2967 2155 3017 auctorem
2184 2959 2365 3019 fuisse

472 3066 530 3114 et
551 3055 946 3114 moderandae
967 3054 1255 3123 victoriae,
1278 3054 1339 3110 in
1360 3071 1497 3128 quc,
1520 3054 1619 3130 qui
1641 3053 1779 3111 mihi
1809 3072 1930 3113 non
1960 3055 2363 3129 adsentiretur,

471 3155 663 3212 inveni
693 3153 1002 3211 neminem.
1063 3149 1199 3222 Qua
1218 3169 1280 3209 re
1301 3150 1492 3210 habeo
1514 3151 1758 3227 gratiam
1780 3152 2077 3224 Trebati0,
2100 3153 2369 3213 familiari

474 3260 694 3320 nostr0,
719 3250 818 3325 qui
836 3247 978 3306 mihi
1000 3248 1160 3306 dedit
1181 3266 1419 3306 causam
1439 3248 1643 3307 harum
1664 3248 1994 3321 litterarum,
2018 3252 2231 3328 quibus
2254 3253 2369 3311 nisi

475 3344 802 3414 credideris,
812 3363 909 3402 me
917 3344 1110 3401 omnis
1120 3343 1289 3402 officii
1309 3355 1367 3403 et
1382 3343 1750 3404 humanitatis
1760 3356 2054 3423 expertem
2067 3349 2365 3423 iudicaris;

475 3456 595 3514 quo
619 3457 725 3499 nec
749 3439 887 3497 mihi
908 3439 1137 3517 gravius
1154 3440 1465 3517 quicquam
1489 3453 1683 3519 potest
1703 3462 1829 3502 esse
1852 3463 1961 3504 nec
1985 3453 2041 3504 te
2063 3445 2325 3506 alienius,
