2642 3925
1075 23 1247 166 fgLJ
1403 71 1564 148 :²²4⁸
1769 83 1916 124 .”ι’.
1985 77 2218 125 {;·“f[(
2285 113 2294 122 ,

320 272 406 358 ap.
431 259 548 344 η]
732 273 961 323 tezer.
1005 274 1106 324 An
1148 275 1595 345 ramanus
1637 278 1688 334 ι.
1732 284 1794 350 9.
2130 266 2209 344 ξι

322 421 497 479 etiam
519 421 724 480 virium
752 432 810 481 et
837 423 1053 486 coloris
1077 426 1365 485 rationem
1401 425 1616 486 habere
1642 426 1995 490 voluissent:
2036 445 2212 498 nunc,

326 529 387 586 ut
424 519 664 595 Apelles
703 520 953 582 Veneris
994 534 1170 601 caput
1209 534 1269 583 et
1309 543 1537 586 summa
1578 526 1831 601 pectoris
1872 525 2214 602 politissima

324 625 445 675 arte
473 615 731 694 perfecit,
759 618 1037 696 reliquam
1066 632 1292 698 partem
1321 623 1583 699 corporis
1609 621 1943 684 inchoatam
1971 622 2213 699 reliquit,

323 714 409 776 sic
463 713 698 791 quidam
754 714 1023 776 homines
1067 718 1128 777 in
1175 720 1365 796 capite
1405 737 1542 779 meo
1598 719 1804 798 solum
1829 720 2212 792 elaborarunt,
2228 734 2347 809 Α

321 811 606 887 reliquum
654 830 868 892 corpus
922 816 1325 892 imperfectum
1368 835 1438 877 ac
1479 818 1621 877 rude
1661 818 2029 895 reliquerunt.
2120 821 2215 885 16.

324 909 398 978 In
425 927 546 985 quo
574 928 691 986 ego
719 929 886 989 spem
923 913 1096 973 fefelli
1134 933 1255 974 non
1297 915 1482 975 modo
1519 914 1866 986 invidorum,
1896 916 2002 974 sed
2039 917 2213 984 etiam

324 1007 690 1073 inimicorum
729 1027 1013 1082 meorum,
1056 1013 1154 1088 qui
1199 1012 1272 1071 de
1312 1030 1435 1071 uno
1478 1013 1759 1071 acerrimo
1801 1023 1860 1071 et
1900 996 2212 1074 fortissimo

322 1105 447 1163 viro
474 1093 726 1188 meoque
763 1107 979 1168 iudicio
1021 1110 1287 1169 omnium
1329 1109 1729 1185 magnitudine
1771 1110 1949 1169 animi
1986 1120 2042 1169 et
2070 1128 2213 1174 con:-

242 1207 247 1214 '
324 1204 536 1266 stantia
575 1207 1074 1281 praestantissimo
1115 1208 1193 1281 Q.
1221 1207 1463 1267 Metello
1497 1206 1566 1266 L.
1595 1206 1634 1266 f.
1664 1208 1968 1283 quondam
2007 1206 2213 1278 falsam

323 1301 662 1375 opinionem
690 1317 1058 1381 acceperunt,
1077 1325 1258 1384 quem
1293 1316 1433 1383 post
1463 1306 1713 1365 reditum
1743 1305 2002 1365 dictitant
2028 1305 2212 1365 fracto

324 1398 525 1478 animo
566 1410 624 1458 et
665 1401 925 1462 demisso
965 1402 1176 1475 fuisse3
1225 1399 1339 1486 [est
1378 1421 1516 1461 vero
1556 1397 1973 1485 probandum‚]
2016 1404 2116 1481 qui
2156 1413 2215 1466 et

326 1514 552 1558 summa
606 1499 898 1559 voluntate
959 1502 1196 1562 cesserit
1256 1511 1319 1562 et
1381 1501 1616 1579 egregia
1673 1501 1859 1560 animi
1923 1501 2212 1566 alacritate

324 1593 528 1653 afuerit
568 1614 760 1674 neque
803 1615 944 1658 sane
976 1599 1162 1658 redire
1201 1599 1430 1671 curarit,
1457 1616 1591 1658 eum
1633 1599 1714 1657 ob
1745 1598 1808 1657 id
1842 1599 2040 1675 ipsum
2065 1596 2213 1658 frac-

324 1703 446 1751 tum
497 1692 690 1772 fuisse,
732 1693 794 1752 in
838 1712 958 1772 quo
1005 1714 1144 1780 cum
1185 1714 1398 1756 ornnes
1441 1695 1711 1754 homines
1751 1706 1878 1754 tum
1923 1695 2005 1754 M.
2053 1695 2211 1756 illum

326 1791 609 1851 Scaurum
637 1790 987 1867 singularem
1025 1793 1209 1852 virum
1242 1794 1575 1854 constantia
1604 1803 1665 1884 et
1704 1792 1979 1869 gravitate
2014 1809 2212 1868 super·

322 1892 513 1952 asset!
558 1890 679 1962 sed,
707 1891 867 1967 quod
897 1891 970 1949 de
998 1891 1097 1950 illo
1117 1902 1470 1971 acceperant
1497 1901 1595 1952 aut
1633 1890 1806 1950 etiam
1836 1890 2212 1967 suspicaban-

322 1999 432 2057 tur,
461 1989 536 2046 de
562 2006 658 2047 me
698 1987 853 2048 idem
881 1990 1233 2065 cogitabant,
1261 1990 1569 2050 abiectiore
1594 1989 1795 2051 animo
1833 2006 1930 2047 me
1958 1987 2214 2051 futurum

323 2103 461 2153 cum
509 2103 601 2144 res
654 2086 886 2161 publica
938 2087 1221 2149 maiorem
1276 2087 1451 2146 etiarn
1506 2086 1649 2145 mihi
1702 2086 1979 2158 animum,
2032 2102 2211 2162 quarn

312 2170 603 2261 ‘umquam
640 2182 991 2254 habuissem,
1021 2183 1197 2252 daret,
1227 2203 1362 2242 cum
1401 2184 1747 2243 declarasset
1788 2201 1853 2243 se
1889 2201 2012 2244 non
2040 2197 2211 2260 potu·-

320 2278 438 2343 isse
466 2297 561 2337 me
587 2297 706 2341 uno
733 2282 841 2340 civi
879 2299 1116 2354 carere3
1161 2299 1412 2359 cumque
1450 2281 1752 2343 Metellum
1787 2282 1960 2343 unius
1999 2281 2212 2347 tribuni

320 2377 401 2457 pl.
444 2377 687 2453 rogatiO,
726 2396 822 2436 me
859 2378 1125 2437 universa
1161 2396 1256 2439 res
1297 2379 1546 2455 publica,
1584 2380 1731 2443 duce
1774 2389 1997 2451 senatu,
2027 2379 2212 2441 comi·-

319 2484 480 2545 tante
521 2475 712 2545 Italia,
732 2475 1239 2553 promulgantibus
1275 2488 1416 2536 octo
1453 2479 1714 2544 tribunis.
1748 2466 2030 2538 referente
2068 2495 2212 2537 con-

322 2573 444 2631 sule
481 2573 727 2631 comitiis
755 2573 1104 2645 centuriatis,
1129 2575 1360 2633 cunctis
1392 2576 1710 2649 ordinibus,
1745 2575 2081 2636 hominibus
2120 2577 2213 2634 in-

321 2671 745 2741 cumbentibus,
772 2671 1049 2754 omnibus
1076 2672 1328 2749 denique
1367 2673 1484 2732 suis
1509 2674 1722 2735 viribus
1758 2673 2208 2751 reciperavisset„

327 2781 420 2842 17.
463 2766 674 2844 Neque
730 2786 869 2828 vero
928 2786 1044 2844 ego
1086 2768 1227 2831 mihi
1281 2782 1488 2846 postea
1542 2772 1856 2848 quicquam
1909 2767 2208 2845 adsumpsi

321 2883 510 2959 neque
538 2865 713 2924 hodie
742 2865 1009 2945 adsume,
1030 2866 1190 2943 quod
1218 2886 1572 2945 quemquam
1599 2867 2209 2939 malevolentissimum
2242 2886 2245 2889 ’

280 3037 285 3044 ,
319 2963 440 3055 iure
489 2962 674 3050 possit
719 2962 1052 3022 offendere:
1111 2973 1340 3023 tantum
1393 2967 1596 3036 enitor,
1643 2975 1709 3027 ut
1762 2982 1956 3041 neque
2006 2965 2210 3029 amicis

319 3078 510 3136 neque
555 3059 728 3118 etiam
775 3059 1141 3120 alienioribus
1197 3079 1402 3146 opera,
1436 3062 1700 3135 consilio,
1747 3060 1947 3125 labore
2002 3061 2210 3131 desim,

319 3141 439 3216 Hic
481 3174 648 3223 meae
695 3157 845 3218 vitae
882 3176 1084 3219 cursus
1125 3159 1372 3219 offendit
1411 3177 1520 3219 eos
1555 3159 1818 3232 fortasse,
1867 3159 1965 3237 qui
2015 3160 2208 3237 splen-

317 3240 523 3334 dorem
551 3264 610 3313 et
636 3256 892 3331 speciem
919 3254 1095 3340 huius
1118 3257 1265 3315 vitae
1292 3257 1604 3328 intuentur,
1631 3257 2075 3323 sollicitudinem
2103 3277 2208 3329 aua

317 3363 436 3429 tem
491 3363 551 3411 et
603 3352 866 3413 laborem
925 3353 1254 3431 perspicere
1308 3372 1435 3417 uon
1488 3366 1750 3432 possunt.
1864 3355 2018 3417 Illud
2068 3375 2210 3419 vero

316 3468 440 3543 pon
479 3450 731 3515 obscure
773 3458 1106 3531 queruntur,
1142 3451 1205 3510 in
1231 3453 1380 3518 meis
1408 3453 1724 3529 sententiis,
1753 3453 1965 3530 quibus
2000 3470 2208 3517 ornem

1239 3567 1280 3614 e
