2642 3925
456 279 584 342 204
1000 269 1078 325 Μ.
1129 273 1370 321 TULLII
1411 272 1791 323 olcERoms
2096 255 2234 347 [Pars
2265 273 2361 324 iv,

456 451 591 492 cum
619 429 906 491 secundas
936 431 1112 489 etiam
1139 449 1234 490 res
1261 440 1509 502 nostraS,
1538 448 1661 489 non
1690 428 1872 489 modo
1901 428 2189 500 adversas,
2216 447 2363 506 per-

456 530 852 599 timescebam,
884 529 1267 605 videbamque
1295 539 1517 610 quanto
1553 529 1807 605 periculo
1842 528 1916 587 de
1948 528 2074 593 iure
2112 527 2361 605 publico

457 628 873 704 disceptaretur
917 626 1125 699 armis;
1160 627 1382 703 quibus
1424 626 1474 684 si
1513 627 1553 684 ii
1594 626 1883 698 vicissent,
1922 624 2001 683 ad
2039 642 2193 700 quos
2232 642 2360 706 ego

458 726 620 802 pacis
648 742 771 800 spe,
790 742 914 783 non
940 723 1076 782 belli
1103 724 1417 800 cupiditate
1446 724 1728 783 adductus
1757 740 2134 794 accesseram,
2151 732 2363 782 tamen

457 822 882 897 intellegebam,
911 831 970 880 et
998 821 1272 880 iratorum
1301 821 1606 880 hominum
1634 831 1693 880 et
1718 821 2068 898 cupidorum
2095 829 2155 878 et
2190 820 2360 879 inso-

457 920 697 979 lentium
725 937 903 996 quam
931 919 1178 978 crudelis
1207 929 1361 978 esset
1388 918 1577 978 futura
1603 920 1855 990 victoria,
1875 919 1966 977 sin
1995 926 2189 976 autem
2216 918 2363 976 victi

458 1027 671 1089 essent,
683 1025 933 1093 quantus
955 1016 1214 1076 interitus
1234 1025 1388 1075 esset
1408 1015 1632 1076 futurus
1653 1017 1864 1077 civium
1885 1017 2095 1093 partim
2117 1016 2365 1092 amplis-

459 1116 756 1186 simorum,
776 1114 984 1190 partim
1011 1113 1186 1172 etiam
1211 1114 1583 1190 optimorum,
1601 1113 1703 1191 qui
1730 1132 1825 1173 me
1846 1112 1993 1173 haec
2014 1113 2366 1191 praedicem:

459 1223 579 1271 tem
617 1221 791 1288 atque
830 1212 1049 1289 optime
1087 1213 1489 1271 consulentem
1518 1212 1686 1272 saluti
1715 1230 1855 1272 suae
1882 1211 2177 1269 malebant
2204 1211 2363 1269 nim·

459 1311 581 1370 ium
610 1310 876 1368 timidum
903 1327 1082 1386 quam
1120 1311 1258 1368 satis
1275 1339 1280 1346 ·
1295 1291 1641 1387 prudentem
1669 1309 1999 1369 existimari.
2085 1328 2138 1383 3.
2170 1307 2385 1380 Quod·

460 1418 654 1469 autem
682 1407 824 1465 mihi
853 1407 930 1466 de
955 1425 1046 1478 eo,
1063 1407 1226 1482 quod
1252 1409 1487 1484 egerim,
1504 1407 1823 1484 gratulariS,
1840 1418 1897 1466 te
1924 1408 2001 1466 ita
2022 1407 2165 1466 velle
2193 1416 2363 1465 certo

461 1507 604 1578 scio,
624 1506 729 1564 sed
757 1523 872 1580 ego
899 1515 1020 1562 tam
1048 1506 1260 1564 misero
1287 1516 1551 1581 tempore
1580 1505 1718 1564 nihil
1747 1506 1884 1564 novi
1912 1505 2137 1564 consilii
2166 1505 2365 1580 cepis-

461 1623 604 1676 sem,
624 1605 732 1664 nisi
755 1605 813 1662 in
835 1604 1022 1663 reditu
1041 1621 1180 1662 meo
1201 1602 1380 1665 nihilo
1401 1604 1669 1663 meliores
1689 1621 1783 1662 res
1803 1604 2152 1662 domesticas
2174 1621 2363 1680 quam

460 1720 586 1763 rem
614 1703 904 1780 publicam
933 1701 1345 1760 offendissem:
1383 1701 1592 1778 quibus
1618 1701 1776 1759 enim
1803 1718 1912 1778 pro
1940 1701 2087 1759 meis
2114 1701 2362 1758 immor-

461 1802 668 1863 talibus
696 1800 990 1859 beneficiis
1016 1800 1313 1859 carissima
1340 1818 1473 1858 mea
1493 1799 1648 1858 salus
1669 1810 1726 1858 et
1746 1818 1914 1859 meae
1935 1798 2201 1858 fortunae
2224 1817 2359 1859 esse

462 1903 769 1972 debebant,
792 1918 927 1959 cum
956 1909 1194 1977 propter
1222 1915 1427 1956 eorum
1456 1897 1646 1956 scelus
1673 1896 1811 1956 nihil
1840 1896 1981 1955 mihi
2009 1898 2158 1957 intra
2183 1916 2360 1958 meos

461 2000 707 2077 parietes
736 2006 939 2067 tutum,
963 1996 1105 2055 nihil
1133 1980 1353 2055 insidiis
1380 2014 1630 2054 vacuum
1656 1996 1927 2065 viderem,
1945 2014 2228 2055 novarum
2256 2015 2359 2057 me

460 2096 950 2157 necessitudinum
979 2094 1250 2153 fidelitate
1278 2103 1484 2152 contra
1522 2103 1780 2152 veterum
1819 2093 2120 2171 perfidiam
2160 2096 2358 2154 muni-

461 2197 681 2255 endum
709 2194 930 2270 putavi·
1006 2193 1124 2253 Sed
1155 2193 1229 2251 de
1257 2192 1469 2251 nostris
1498 2193 1670 2251 rebus
1698 2193 1836 2251 satis
1863 2193 1953 2251 vel
1992 2193 2164 2251 etiam
2201 2195 2357 2251 nim-

461 2295 583 2351 ium
610 2292 814 2349 multa.
895 2310 952 2363 4.
994 2289 1087 2349 De
1116 2290 1228 2348 tuis
1255 2290 1428 2347 velim
1456 2300 1519 2348 ut
1545 2307 1619 2348 eo
1657 2291 1737 2349 sis
1765 2291 1980 2362 anim0,
2009 2308 2132 2367 quo
2170 2292 2359 2350 debes

463 2408 610 2460 esse,
639 2389 699 2447 id
737 2397 841 2459 est,
868 2398 931 2446 ut
965 2406 1040 2446 ne
1069 2389 1210 2463 quid
1238 2386 1342 2445 tibi
1369 2387 1677 2464 praecipue
1707 2388 2028 2447 timendum
2058 2397 2259 2465 putes:
2301 2392 2359 2449 si

462 2488 620 2548 enim
662 2495 843 2545 status
886 2485 994 2543 erit
1033 2485 1240 2560 aliquis
1281 2485 1541 2556 civitatiS,
1571 2486 1922 2561 quicumque
1965 2485 2086 2557 erit,
2124 2494 2182 2544 te
2222 2505 2356 2546 om-

462 2587 624 2647 nium
659 2582 1046 2662 periculorum
1075 2583 1244 2641 video
1282 2593 1584 2658 expertem
1616 2584 1775 2656 fore3
1816 2602 1955 2641 nam
1994 2585 2206 2643 alteros
2248 2588 2355 2647 tibi

462 2686 581 2745 iam
609 2683 868 2761 placatos
895 2698 1024 2740 esse
1053 2680 1340 2755 intellego,
1360 2680 1571 2739 alteros
1598 2695 1922 2758 numquam
1948 2682 2125 2741 iratos
2152 2682 2353 2745 fuisse.

462 2783 556 2842 De
584 2800 718 2841 mea
746 2789 943 2838 autem
970 2779 1030 2836 in
1062 2788 1120 2836 te
1157 2778 1448 2837 voluntate
1488 2779 1572 2838 sic
1606 2778 1776 2837 velim
1814 2779 2053 2850 iudices,
2082 2798 2194 2851 me,
2223 2784 2358 2858 qui-

463 2881 827 2955 buscumque
875 2878 1046 2936 rebus
1092 2894 1245 2953 opus
1294 2894 1425 2935 esse
1471 2876 1820 2951 intellegam,
1864 2894 2221 2952 quamquam
2269 2881 2357 2938 vi-

465 2976 654 3047 deam,
675 2976 774 3053 qui
803 2976 914 3034 sim
943 2975 1055 3033 hoc
1084 2984 1347 3051 tempore
1376 2982 1433 3031 et
1454 2974 1595 3049 quid
1615 2975 1859 3050 possim,
1876 2992 2059 3050 opera
2079 2984 2276 3034 tamen
2296 2988 2357 3037 et

466 3074 729 3143 consilio,
759 3073 951 3152 studio
981 3072 1218 3148 quidem
1253 3081 1408 3129 certe
1437 3071 1518 3131 rei
1547 3070 1735 3129 famae
1762 3071 1929 3129 saluti
1958 3080 2091 3131 tuae
2118 3083 2357 3149 praesto

467 3172 741 3231 futurum.
823 3169 923 3229 Tu
969 3170 1160 3242 velim,
1204 3180 1261 3228 et
1309 3168 1453 3244 quid
1501 3186 1641 3244 agas
1691 3178 1749 3228 et
1797 3170 1937 3245 quid
1985 3180 2248 3228 acturum
2294 3182 2359 3233 te

468 3280 656 3348 putes,
684 3269 862 3328 facias
888 3286 984 3325 me
1012 3286 1191 3345 quam
1223 3267 1661 3343 diligentissime
1690 3267 2008 3327 certiorem.
