2642 3925
456 288 576 334 100
1005 279 1090 334 u.
1139 279 1384 330 wart
1424 280 1633 332 crem
1641 281 1806 331 oms
2104 267 2244 354 [Pars
2272 283 2349 332 11..

446 439 464 466 ‘
480 431 638 511 quid,
705 430 756 492 si
819 431 968 492 filius
1027 449 1194 492 meus
1258 429 1471 492 fustem
1532 431 1678 491 mihi
1736 429 2060 510 impingere
2120 431 2274 492 volet
2289 431 2339 491 θ’

342 575 350 582 -
443 530 560 594 His
621 529 876 601 vocibuS,
935 537 1002 588 ut
1064 529 1457 589 existimarent
1519 529 1789 590 homines
1854 530 2137 606 Pompeio
2201 548 2341 590 curn

444 628 696 689 Caesare
752 645 882 686 esse
938 627 1257 702 negotium,
1304 627 1498 686 effecit
1515 629 1562 700 ς’
1597 628 1790 705 itaque
1844 627 1979 699 iam,
2032 636 2097 686 ut
2151 627 2343 697 vide0,

442 725 679 784 alteram
727 733 918 782 utram
963 723 1042 782 ad
1091 722 1504 783 condicionem
1549 723 1903 784 descendere
1942 725 2065 784 volt
2104 724 2339 796 Caesar,

441 833 508 883 ut
563 832 661 881 aut
714 829 952 881 maneat
1014 837 1209 898 neque
1267 820 1398 882 hoc·
1444 840 1602 882 anno
1668 841 1773 882 sua
1834 823 1983 882 ratio
2044 822 2339 891 habeatur,

443 932 562 992 aut,
602 921 652 980 si
693 918 987 994 designari
1036 919 1264 994 poterit,
1308 919 1570 980 decedat.
1660 938 1752 980 ro.
1796 919 1977 980 Curio
2030 938 2097 980 se
2136 929 2343 980 contra

443 1034 582 1076 eum
635 1026 824 1076 totum
880 1025 1082 1093 parat;
1152 1017 1291 1094 quid
1347 1017 1593 1094 adsequi
1642 1018 1842 1094 possit,
1898 1018 2134 1077 nescio:
2201 1016 2343 1075 illud

441 1114 631 1186 video,
679 1115 834 1173 bene
889 1114 1250 1186 sentientem,
1299 1115 1407 1175 etsi
1462 1115 1607 1174 nihil
1653 1116 1921 1187 effecerit,
1964 1117 2170 1175 cadere
2217 1132 2340 1175 non

444 1229 638 1287 posse.
722 1211 828 1272 Me
869 1221 1076 1270 tractat
1116 1211 1422 1271 liberaliter
1459 1211 1639 1272 Curio
1682 1223 1741 1272 et
1777 1213 1919 1272 mihi
1954 1230 2063 1272 suo
2099 1231 2340 1272 munere

444 1308 748 1384 negotium
802 1308 1120 1386 imposuit;
1188 1327 1327 1368 nam
1385 1309 1436 1369 si
1488 1309 1632 1370 mihi
1686 1328 1811 1370 non
1864 1310 2119 1369 dedisset
2172 1310 2345 1379 ferae,

445 1423 596 1482 quae
665 1405 742 1464 ad
811 1406 986 1466 ludos
1055 1407 1110 1465 ei
1185 1406 1462 1466 advectae
1530 1417 1695 1466 erant
1761 1406 2086 1480 Africanae,
2153 1408 2345 1483 potuit

446 1501 823 1578 supersederi.
891 1501 1088 1574 Nunc,
1118 1503 1401 1582 quoniam
1444 1505 1581 1590 dare
1624 1523 1865 1564 necesse
1902 1515 2005 1577 est,
2034 1505 2205 1563 velim
2238 1506 2340 1564 tibi

446 1617 616 1658 curae
671 1600 762 1671 sit,
817 1599 978 1676 quod
1038 1617 1078 1658 a
1140 1610 1201 1660 te
1265 1619 1499 1678 semper
1551 1603 1705 1678 petii,
1758 1611 1827 1660 ut
1888 1601 2102 1678 aliquid
2170 1603 2339 1662 istinc

341 1707 347 1716 '
399 1685 408 1694 ’
447 1697 758 1757 bestiarum
792 1697 1131 1769 habeamuS,
1165 1697 1587 1776 Sittianamque
1623 1699 2014 1776 syngrapham
2050 1699 2154 1758 tibi
2181 1718 2344 1761 com-

445 1795 682 1854 mendo,
783 1793 1085 1854 Libertum
1140 1793 1448 1856 Philonem
1508 1796 1657 1856 istoc
1712 1798 1843 1857 misi
1898 1807 1957 1856 et
2009 1796 2343 1874 Diogenem

447 1893 758 1963 Graecum,
815 1892 1028 1970 quibus
1081 1891 1359 1952 mandabo.
1410 1902 1471 1953 et
1523 1894 1737 1954 litteras
1784 1895 1859 1955 ad
1905 1905 1965 1954 te
2013 1895 2183 1956 dedi:
2236 1913 2343 1954 eos

445 1988 576 2051 tibi'
603 2001 663 2050 et
717 2008 860 2061 rem,
915 1992 990 2049 de
1047 2009 1165 2069 qua
1217 1991 1367 2063 misi,
1409 1992 1582 2051 velim
1637 2011 1811 2053 curae
1863 1992 2081 2053 habeas
2093 2013 2114 2065 ·;
2182 2011 2340 2064 nam,

449 2107 626 2166 quam
667 2086 1041 2146 vehementer
1080 2088 1158 2147 ad
1199 2106 1298 2149 me
1345 2090 1644 2167 pertineat,
1689 2090 1753 2149 in
1794 2091 1883 2163 iis,
1926 2108 2073 2168 quas
2114 2090 2219 2151 tibi
2264 2091 2348 2151 illi

448 2185 711 2258 reddent,
737 2184 936 2245 litteris
965 2184 1261 2263 descripsi.

701 2360 800 2418 35.
881 2356 1012 2416 AD
1073 2355 1736 2421 FAMILIARES
1798 2360 2097 2426 V111.6.

820 2470 954 2533 Sca.
997 2491 1188 2535 nnsis:
1227 2474 1572 2535 anrtmmo
1612 2494 1779 2537 Anne.
1824 2490 1962 2553 704.

818 2642 820 2645 ,
1043 2596 1287 2641 cauus
1326 2599 1595 2642 mertuum
1633 2598 1759 2642 sAr..

539 2707 592 2749 1.
633 2686 775 2749 Non
829 2688 1033 2749 dubito
1088 2690 1230 2767 quin
1283 2690 1571 2769 perlatum
1625 2690 1702 2750 ad
1753 2700 1815 2751 >te
1867 2691 1957 2763 sit,
2001 2691 2264 2769 Appium
2310 2710 2349 2753 a

452 2785 761 2846 Dolabella
795 2805 962 2845 reum
1002 2785 1237 2860 factum,
1280 2805 1421 2848 sane
1462 2806 1640 2865 quam
1687 2806 1812 2848 non
1866 2806 1954 2860 ea,
1996 2808 2113 2866 qua
2153 2791 2349 2851 existi·

452 2902 762 2955 mavemm,
793 2884 1037 2943 invidia:
1080 2903 1273 2961 neque
1307 2886 1467 2945 enim
1505 2886 1673 2945 stulte
1710 2886 1979 2963 Appius;
2022 2888 2137 2964 qui,
2177 2888 2349 2948 simul

451 2994 628 3058 atque
666 2980 973 3040 Dolabella-
1009 2984 1256 3042 accessit
1293 2983 1370 3042 ad
1404 2983 1674 3055 tribunal,
1706 2984 2003 3043 introierat
2042 2986 2103 3044 in
2145 2986 2350 3044 urbem

450 3076 840 3153 triumphique
891 3080 1345 3157 postulationem
1393 3080 1699 3151 abiecerat,
1744 3098 1863 3158 quo
1912 3081 2069 3139 facto
2118 3082 2352 3141 rettudit

451 3190 750 3233 sermones
798 3176 1166 3252 paratiorque
1214 3177 1370 3236 visus
1419 3186 1523 3248 est,
1570 3194 1749 3255 quam
1797 3188 2126 3254 speraverat
2180 3196 2351 3238 accu-

452 3280 622 3329 sator.
706 3269 770 3329 Is
814 3289 972 3331 nunc
1012 3273 1074 3330 in
1113 3282 1171 3333 te
1213 3274 1530 3332 maximam
1581 3291 1748 3351 spem
1791 3273 1984 3334 habet.
2066 3275 2204 3336 Scio
2248 3276 2352 3335 tibi

453 3386 591 3425 eum
635 3385 760 3427 non
809 3387 938 3428 esse
983 3371 1160 3430 odio:
1220 3390 1399 3449 quam
1446 3372 1585 3432 velis
1636 3390 1772 3431 eum
1822 3373 2095 3451 obligare,
2142 3376 2204 3433 in
2250 3384 2353 3434 tua

453 3480 631 3522 manu
663 3475 784 3537 est3
828 3483 962 3525 cum
1005 3486 1124 3545 quo
1161 3471 1222 3527 st·
1254 3470 1515 3530 simultas
1552 3471 1653 3529 tibi
1695 3488 1818 3530 non
1858 3470 2079 3545 fuisset,
2117 3470 2351 3533 liberius
