2642 3925
421 248 503 314 74
960 245 1037 295 M.
1090 245 1329 294 TULLII
1370 241 1747 294 CICERONIS
1819 277 1822 280 >
1856 242 1859 245 ·
2064 232 2203 316 [Pars
2234 239 2298 297 112

417 395 715 469 exspec‘t0‚
749 393 891 470 quid
932 403 1086 470 agat.
1169 393 1323 453 Illud
1362 390 1601 469 quidem
1643 410 1845 452 sumus
1875 392 2098 470 adepti,
2141 387 2304 471 q'uod

416 491 611 550 multis
639 501 698 549 et
723 493 953 568 magnis
983 491 1204 552 iudiciis
1225 509 1541 568 possumus
1568 491 1822 567 iudicare
1850 508 1960 550 nos
1983 490 2219 553 Caesari
2247 502 2307 552 et

418 591 749 649 carissimos
770 600 828 650 et
846 591 1298 650 iucundissimos
1317 609 1464 650 esse.
1529 590 1879 666 Dionysium
1896 592 2068 650 velim
2089 592 2307 676 salyere

418 689 620 749 iubeas
662 700 722 749 et
754 708 891 749 eum
927 708 1102 767 roges
1144 700 1202 748 et
1233 689 1481 759 hortere,
1509 700 1575 748 ut
1610 707 1787 765 quam
1820 688 2306 765 primumxeniat,

419 797 484 845 ut
511 787 700 864 possit
717 785 1063 847 Ciceronem
1093 804 1292 845 meum
1320 796 1495 863 atque
1522 787 1697 846 etiam
1723 803 1822 844 me
1834 786 2034 861 ipsum
2061 785 2306 844 erudire.

838 970 945 1029 29.
1027 967 1142 1027 AD
1183 925 1687 1030 mmmmm
1730 967 1778 1026 1.
1824 986 1881 1042 9.
1958 922 1962 926 ⁹

543 1081 676 1145 Seu.
721 1081 941 1143 Rom
979 1101 1169 1142 MENSE
1209 1082 1482 1143 Ocromu
1521 1101 1793 1143 uxum-‘rs
1832 1100 2000 1143 A.u.c.
2048 1096 2184 1158 700.

833 1205 898 1248 Μ.
938 1206 1149 1249 menno
1185 1206 1230 1249 s,
1272 1206 1332 1248 D.
1375 1207 1425 1249 P.
1468 1207 1743 1250 LEM-uro
1785 1206 1905 1248 mr.

426 1302 431 1309 '
512 1318 564 1359 1.
604 1298 1026 1362 Pnnmctmmffl:
1065 1302 1206 1360 mihi
1248 1302 1481 1362 fuerunt
1522 1303 1741 1361 litterae
1783 1312 1931 1374 tuae,
1970 1302 2180 1379 quibus
2221 1302 2310 1362 in·

424 1398 615 1458 'tellexi
662 1408 719 1457 te
764 1402 1092 1477 perspicere
1137 1420 1330 1460 meam
1381 1402 1441 1459 in
1489 1412 1546 1459 te
1595 1401 1908 1478 pietatem:
1943 1401 2109 1477 ‘quid
2151 1401 2309 1460 enim

426 1496 620 1555 dicam
666 1498 1147 1570 benevolentiam,
1194 1517 1328 1557 cum
1379 1499 1517 1557 illud
1561 1498 1757 1574 ipsum
1799 1499 2205 1574 gravissimum
2252 1507 2311 1555 et

426 1592 856 1653 sanctissimum
910 1613 1131 1654 nomen
1187 1596 1417 1672 pietatis
1471 1596 1651 1654 levius
1697 1596 1847 1654 mihi
1899 1596 2116 1654 meritis
2171 1614 2312 1673 erga

425 1698 522 1748 me
577 1692 689 1749 tuis
753 1709 882 1752 esse
936 1693 1233 1752 videatur?
1317 1692 1499 1764 Quod
1555 1702 1750 1751 autem
1804 1693 1909 1751 tibi
1960 1705 2127 1770 grata
2178 1711 2313 1751 mea

428 1808 566 1867 erga
608 1800 665 1849 te
714 1790 899 1849 studia
945 1790 1145 1849 scribis
1191 1808 1338 1861 esse,
1379 1790 1519 1850 facis
1567 1802 1630 1866 tu
1674 1791 1910 1867 quidem
1957 1791 2313 1850 abundantia

425 1889 682 1967 ‘quadam
727 1890 958 1960 amoris,
1000 1899 1071 1947 ut
1118 1890 1294 1948 etiam
1342 1901 1506 1967 grata
1560 1890 1675 1949 sint
1723 1909 1811 1963 ea,
1868 1909 2018 1969 quae
2059 1900 2310 1967 praeter·

425 1988 574 2047 mitti
600 1987 726 2047 sine
754 1987 975 2046 nefario
1013 1989 1224 2047 scelere
1262 2007 1387 2047 non
1424 1998 1709 2064 possunt;
1753 1989 1854 2047 tibi
1890 1999 2086 2047 autem
2127 1988 2309 2047 multo

426 2087 619 2145 notior
656 2097 830 2163 atque
872 2086 1136 2146 illustrior
1178 2105 1344 2145 meus
1398 2087 1459 2144 in
1513 2097 1570 2145 te
1619 2087 1847 2145 animus
1895 2097 2063 2156 esset,
2108 2087 2157 2145 si
2196 2086 2310 2145 hoc

428 2190 694 2258 tempore
738 2183 920 2255 omni,
964 2202 1083 2259 quo
1130 2184 1369 2243 diiuncti
1413 2184 1643 2256 fuimus,
1693 2192 1752 2242 et
1797 2201 1918 2242 una
1972 2193 2031 2242 et
2081 2183 2311 2242 Romae

428 2281 752 2339 fuissemus.
843 2298 894 2338 2.
939 2279 1094 2339 Nam
1150 2281 1210 2338 in
1251 2299 1325 2340 eo
1367 2282 1516 2358 ipSO,
1560 2281 1719 2358 quod
1774 2291 1830 2340 te
1879 2281 2139 2340 ostendis
2181 2299 2311 2340 esse

369 2434 376 2443 ,
430 2378 714 2437 facturum
755 2375 1031 2454 quodque
1072 2387 1132 2437 et
1171 2379 1231 2436 in
1271 2378 1474 2455 primis
1514 2392 1683 2456 potes
1724 2388 1782 2437 et
1820 2395 1935 2454 ego
1970 2396 2006 2436 a
2043 2388 2099 2437 te
2138 2377 2311 2436 vehe-

423 2486 655 2534 menter
709 2485 1001 2552 exspectO,
1057 2475 1118 2534 in
1177 2477 1475 2536 sententiis
1539 2477 1842 2535 senatoriis
1909 2486 1969 2534 et
2033 2475 2096 2534 in
2148 2475 2311 2533 omni

425 2573 654 2633 actione
695 2583 870 2649 atque
911 2572 1404 2633 administratione
1443 2575 1525 2632 rei
1567 2574 1832 2650 publicae
1872 2573 2308 2633 floruissemus:

423 2670 498 2729 de
526 2687 643 2747 qua
669 2671 977 2729 ostendam
1005 2671 1279 2748 equidem
1305 2671 1482 2748 paulo
1509 2683 1660 2749 post,
1683 2672 1782 2748 qui
1812 2671 1883 2730 sit
1909 2688 2078 2729 meus
2106 2687 2311 2729 sensus

424 2777 483 2828 et
510 2753 712 2839 status,
739 2779 797 2827 et
824 2770 1135 2829 rescribam
1164 2769 1265 2827 tibi
1301 2770 1378 2828 ad
1415 2788 1504 2841 ea,
1533 2787 1683 2846 quae
1712 2770 1941 2847 quaeris
1964 2788 1981 2842 ς
2025 2768 2131 2827 sed
2155 2780 2312 2827 certe

422 2876 481 2925 et
521 2884 636 2942 ego
677 2877 735 2926 te
776 2877 1011 2926 auctore
1050 2866 1401 2925 amicissimo
1441 2856 1516 2926 ac'
1554 2867 1980 2943 sapientissimo
2017 2877 2077 2924 et
2112 2875 2175 2924 tu
2214 2883 2312 2924 me

425 2964 752 3023 consiliario
798 2964 1040 3023 fortasse
1060 2981 1204 3039 non
1220 2964 1709 3061 imperitissimo,
1759 2962 1912 3022 fideli
1959 2963 2199 3040 quidem
2253 2974 2312 3023 et

421 3061 711 3119 benevolo
764 3073 934 3132 certe,
988 3078 1128 3124 usus
1183 3079 1381 3119 esses:
1403 3093 1488 3105 —
1508 3079 1866 3139 quamquam
1921 3072 2020 3120 tua
2074 3062 2310 3140 quidem

423 3178 602 3220 causa
647 3171 703 3219 te
745 3178 874 3218 esse
927 3160 1336 3236 imperatorem
1392 3161 1867 3236 provincIamque
1922 3161 2115 3220 bene
2130 3163 2307 3237 gestis

423 3259 599 3318 rebus
640 3275 774 3316 cum
816 3258 1069 3315 exercitu
1109 3257 1326 3315 victore
1364 3259 1645 3327 obtinere,
1674 3267 1738 3314 ut
1776 3257 1982 3327 debeo,
2011 3258 2192 3315 laetor
2206 3275 2306 3314 :—

424 3352 529 3414 sed
558 3364 711 3412 certe
733 3355 831 3430 qui
860 3353 959 3411 tibi
988 3371 1061 3410 ex
1090 3369 1185 3411 me
1220 3353 1438 3411 fructus
1466 3354 1764 3425 debentur,
1793 3370 1898 3411 eos
1924 3352 2218 3410 uberiores
2246 3362 2303 3410 et

421 3455 850 3541 praesentiores
895 3469 1171 3531 praesens
1227 3470 1435 3528 capere
1489 3453 1800 3528 potuisses.'
1891 3449 1974 3509 ¹In
2028 3450 2110 3509 eis
2163 3468 2299 3511 vero

2629 3386 2630 3393 ⁴
2613 3218 2631 3291 4*-
2620 2790 2631 3143 -2—28„
2629 2450 2630 2579 „Quin
