<?xml version="1.0" encoding="UTF-8"?>
<!DOCTYPE html PUBLIC "-//W3C//DTD XHTML 1.0 Transitional//EN"
    "http://www.w3.org/TR/xhtml1/DTD/xhtml1-transitional.dtd">
<html xmlns="http://www.w3.org/1999/xhtml" xml:lang="en" lang="en">
 <head>
  <title>
</title>
<meta http-equiv="Content-Type" content="text/html;charset=utf-8" />
  <meta name='ocr-system' content='tesseract 3.04.00' />
  <meta name='ocr-capabilities' content='ocr_page ocr_carea ocr_par ocr_line ocrx_word'/>
</head>
<body>
  <div class='ocr_page' id='page_1' title='image "./mtulliiciceroni00watsgoog_0266.png"; bbox 0 0 2642 3925; ppageno 0'>
   <div class='ocr_carea' id='block_1_1' title="bbox 483 229 2373 314">
    <p class='ocr_par' dir='ltr' id='par_1_1' title="bbox 483 229 2373 314">
     <span class='ocr_line' id='line_1_1' title="bbox 483 229 2373 314; baseline 0.004 -28"><span class='ocrx_word' id='word_1_1' title='bbox 483 241 610 306; x_wconf 84' lang='lat'><strong>250</strong></span> <span class='ocrx_word' id='word_1_2' title='bbox 1017 236 1094 287; x_wconf 82' lang='grc' dir='ltr'><strong>Μ.</strong></span> <span class='ocrx_word' id='word_1_3' title='bbox 1147 237 1384 287; x_wconf 81' lang='lat' dir='ltr'><em>TULLII</em></span> <span class='ocrx_word' id='word_1_4' title='bbox 1429 240 1633 288; x_wconf 67' lang='lat' dir='ltr'><strong>crem</strong></span> <span class='ocrx_word' id='word_1_5' title='bbox 1640 240 1809 289; x_wconf 77' lang='lat' dir='ltr'><strong>oms</strong></span> <span class='ocrx_word' id='word_1_6' title='bbox 2135 229 2282 314; x_wconf 73' lang='lat' dir='ltr'><strong>[pm</strong></span> <span class='ocrx_word' id='word_1_7' title='bbox 2307 245 2373 293; x_wconf 78' lang='lat' dir='ltr'><strong>v,</strong></span> 
     </span>
    </p>
   </div>
   <div class='ocr_carea' id='block_1_2' title="bbox 478 387 2376 657">
    <p class='ocr_par' dir='ltr' id='par_1_2' title="bbox 478 387 2376 657">
     <span class='ocr_line' id='line_1_2' title="bbox 479 387 2375 466; baseline 0.002 -20"><span class='ocrx_word' id='word_1_8' title='bbox 479 399 544 446; x_wconf 94' lang='lat' dir='ltr'><strong>ut</strong></span> <span class='ocrx_word' id='word_1_9' title='bbox 589 407 664 446; x_wconf 90' lang='lat' dir='ltr'><strong>ne</strong></span> <span class='ocrx_word' id='word_1_10' title='bbox 712 387 808 446; x_wconf 89' lang='lat' dir='ltr'><strong>cui</strong></span> <span class='ocrx_word' id='word_1_11' title='bbox 854 387 1168 464; x_wconf 89' lang='lat' dir='ltr'><strong>quicquam</strong></span> <span class='ocrx_word' id='word_1_12' title='bbox 1216 388 1353 447; x_wconf 90' lang='lat' dir='ltr'><strong>iuris</strong></span> <span class='ocrx_word' id='word_1_13' title='bbox 1401 388 1463 446; x_wconf 91' lang='lat' dir='ltr'><strong>in</strong></span> <span class='ocrx_word' id='word_1_14' title='bbox 1506 400 1605 448; x_wconf 91' lang='lat' dir='ltr'><strong>tua</strong></span> <span class='ocrx_word' id='word_1_15' title='bbox 1644 389 1943 466; x_wconf 88' lang='lat' dir='ltr'><strong>provincia</strong></span> <span class='ocrx_word' id='word_1_16' title='bbox 1982 408 2110 449; x_wconf 91' lang='lat' dir='ltr'><strong>esse</strong></span> <span class='ocrx_word' id='word_1_17' title='bbox 2150 391 2375 466; x_wconf 89' lang='lat' dir='ltr'><strong>patiare</strong></span> 
     </span>
     <span class='ocr_line' id='line_1_3' title="bbox 478 485 2376 563; baseline 0.002 -20"><span class='ocrx_word' id='word_1_18' title='bbox 478 497 653 560; x_wconf 88' lang='lat' dir='ltr'><strong>atque</strong></span> <span class='ocrx_word' id='word_1_19' title='bbox 698 495 764 544; x_wconf 89' lang='lat' dir='ltr'><strong>ut</strong></span> <span class='ocrx_word' id='word_1_20' title='bbox 810 485 1011 544; x_wconf 89' lang='lat' dir='ltr'><strong>omnia</strong></span> <span class='ocrx_word' id='word_1_21' title='bbox 1062 485 1288 548; x_wconf 78' lang='lat' dir='ltr'><strong>referas,</strong></span> <span class='ocrx_word' id='word_1_22' title='bbox 1333 486 1409 545; x_wconf 94' lang='lat' dir='ltr'><strong>ad</strong></span> <span class='ocrx_word' id='word_1_23' title='bbox 1466 488 1827 562; x_wconf 88' lang='lat' dir='ltr'><strong>dignitatem,</strong></span> <span class='ocrx_word' id='word_1_24' title='bbox 1877 506 1993 563; x_wconf 89' lang='lat' dir='ltr'><strong>qua</strong></span> <span class='ocrx_word' id='word_1_25' title='bbox 2045 487 2185 546; x_wconf 87' lang='lat' dir='ltr'>nihil</span> <span class='ocrx_word' id='word_1_26' title='bbox 2238 507 2376 547; x_wconf 90' lang='lat' dir='ltr'><strong>esse</strong></span> 
     </span>
     <span class='ocr_line' id='line_1_4' title="bbox 478 579 2376 657; baseline 0.003 -21"><span class='ocrx_word' id='word_1_27' title='bbox 478 588 674 655; x_wconf 92' lang='lat' dir='ltr'><strong>potest</strong></span> <span class='ocrx_word' id='word_1_28' title='bbox 720 579 1119 654; x_wconf 79' lang='lat' dir='ltr'>praestantius,</span> <span class='ocrx_word' id='word_1_29' title='bbox 1225 598 1281 651; x_wconf 89' lang='lat'><strong>4.</strong></span> <span class='ocrx_word' id='word_1_30' title='bbox 1325 579 1482 639; x_wconf 87' lang='lat' dir='ltr'>Vere</span> <span class='ocrx_word' id='word_1_31' title='bbox 1531 591 1724 640; x_wconf 90' lang='lat' dir='ltr'><strong>tecum</strong></span> <span class='ocrx_word' id='word_1_32' title='bbox 1772 600 1963 657; x_wconf 86' lang='lat' dir='ltr'><strong>agam,</strong></span> <span class='ocrx_word' id='word_1_33' title='bbox 2004 592 2069 639; x_wconf 92' lang='lat' dir='ltr'><strong>ut</strong></span> <span class='ocrx_word' id='word_1_34' title='bbox 2115 585 2376 644; x_wconf 87' lang='lat' dir='ltr'><strong>necessi-</strong></span> 
     </span>
    </p>
   </div>
   <div class='ocr_carea' id='block_1_3' title="bbox 476 677 2377 848">
    <p class='ocr_par' dir='ltr' id='par_1_3' title="bbox 476 677 2377 848">
     <span class='ocr_line' id='line_1_5' title="bbox 477 677 2377 754; baseline 0.001 -18"><span class='ocrx_word' id='word_1_35' title='bbox 477 677 620 737; x_wconf 92' lang='lat' dir='ltr'>tudo</span> <span class='ocrx_word' id='word_1_36' title='bbox 656 687 857 735; x_wconf 87' lang='lat' dir='ltr'><strong>nostra</strong></span> <span class='ocrx_word' id='word_1_37' title='bbox 893 677 1186 752; x_wconf 85' lang='lat' dir='ltr'><strong>postulat:</strong></span> <span class='ocrx_word' id='word_1_38' title='bbox 1228 678 1287 737; x_wconf 90' lang='lat' dir='ltr'><strong>in</strong></span> <span class='ocrx_word' id='word_1_39' title='bbox 1334 677 1699 754; x_wconf 89' lang='lat' dir='ltr'><strong>Sempronio,</strong></span> <span class='ocrx_word' id='word_1_40' title='bbox 1734 679 1782 737; x_wconf 92' lang='lat' dir='ltr'><strong>si</strong></span> <span class='ocrx_word' id='word_1_41' title='bbox 1825 679 1971 737; x_wconf 88' lang='lat' dir='ltr'><strong>meis</strong></span> <span class='ocrx_word' id='word_1_42' title='bbox 2018 679 2217 738; x_wconf 89' lang='lat' dir='ltr'><strong>litteris</strong></span> <span class='ocrx_word' id='word_1_43' title='bbox 2261 681 2377 738; x_wconf 91' lang='lat' dir='ltr'><strong>ob-</strong></span> 
     </span>
     <span class='ocr_line' id='line_1_6' title="bbox 476 771 2373 848; baseline 0.001 -20"><span class='ocrx_word' id='word_1_44' title='bbox 476 780 878 846; x_wconf 88' lang='lat' dir='ltr'><strong>temperasses,</strong></span> <span class='ocrx_word' id='word_1_45' title='bbox 900 771 1214 828; x_wconf 85' lang='lat' dir='ltr'><strong>maximam</strong></span> <span class='ocrx_word' id='word_1_46' title='bbox 1244 772 1319 828; x_wconf 94' lang='lat' dir='ltr'><strong>ab</strong></span> <span class='ocrx_word' id='word_1_47' title='bbox 1342 771 1615 830; x_wconf 88' lang='lat' dir='ltr'><strong>omnibus</strong></span> <span class='ocrx_word' id='word_1_48' title='bbox 1644 771 1875 830; x_wconf 91' lang='lat' dir='ltr'><strong>laudem</strong></span> <span class='ocrx_word' id='word_1_49' title='bbox 1904 773 2151 848; x_wconf 91' lang='lat' dir='ltr'><strong>adeptus</strong></span> <span class='ocrx_word' id='word_1_50' title='bbox 2170 790 2373 844; x_wconf 88' lang='lat' dir='ltr'><strong>esses;</strong></span> 
     </span>
    </p>
   </div>
   <div class='ocr_carea' id='block_1_4' title="bbox 439 867 2379 1229">
    <p class='ocr_par' dir='ltr' id='par_1_4' title="bbox 439 867 2379 1229">
     <span class='ocr_line' id='line_1_7' title="bbox 477 867 2376 944; baseline 0.001 -17"><span class='ocrx_word' id='word_1_51' title='bbox 477 868 580 927; x_wconf 90' lang='lat' dir='ltr'><strong>sed</strong></span> <span class='ocrx_word' id='word_1_52' title='bbox 621 867 760 926; x_wconf 89' lang='lat' dir='ltr'><strong>illud</strong></span> <span class='ocrx_word' id='word_1_53' title='bbox 804 876 862 926; x_wconf 85' lang='lat' dir='ltr'><strong>et</strong></span> <span class='ocrx_word' id='word_1_54' title='bbox 901 868 1194 944; x_wconf 88' lang='lat' dir='ltr'><strong>praeteriit</strong></span> <span class='ocrx_word' id='word_1_55' title='bbox 1235 876 1293 927; x_wconf 89' lang='lat' dir='ltr'><strong>et</strong></span> <span class='ocrx_word' id='word_1_56' title='bbox 1334 867 1513 927; x_wconf 90' lang='lat' dir='ltr'><strong>levius</strong></span> <span class='ocrx_word' id='word_1_57' title='bbox 1555 879 1660 939; x_wconf 90' lang='lat' dir='ltr'><strong>est,</strong></span> <span class='ocrx_word' id='word_1_58' title='bbox 1688 869 1835 928; x_wconf 89' lang='lat' dir='ltr'><strong>haec</strong></span> <span class='ocrx_word' id='word_1_59' title='bbox 1870 888 2088 944; x_wconf 88' lang='lat' dir='ltr'><strong>magna</strong></span> <span class='ocrx_word' id='word_1_60' title='bbox 2120 888 2215 928; x_wconf 87' lang='lat' dir='ltr'><strong>res</strong></span> <span class='ocrx_word' id='word_1_61' title='bbox 2247 881 2376 929; x_wconf 85' lang='lat' dir='ltr'><strong>est:</strong></span> 
     </span>
     <span class='ocr_line' id='line_1_8' title="bbox 475 965 2379 1042; baseline 0.002 -19"><span class='ocrx_word' id='word_1_62' title='bbox 475 965 568 1024; x_wconf 87' lang='lat' dir='ltr'><strong>fac</strong></span> <span class='ocrx_word' id='word_1_63' title='bbox 591 974 655 1023; x_wconf 93' lang='lat' dir='ltr'><strong>ut</strong></span> <span class='ocrx_word' id='word_1_64' title='bbox 679 965 1038 1041; x_wconf 87' lang='lat' dir='ltr'><strong>provinciam</strong></span> <span class='ocrx_word' id='word_1_65' title='bbox 1059 966 1309 1024; x_wconf 85' lang='lat' dir='ltr'><strong>retineas</strong></span> <span class='ocrx_word' id='word_1_66' title='bbox 1339 965 1399 1024; x_wconf 91' lang='lat' dir='ltr'><strong>in</strong></span> <span class='ocrx_word' id='word_1_67' title='bbox 1420 975 1707 1042; x_wconf 91' lang='lat' dir='ltr'><strong>potestate</strong></span> <span class='ocrx_word' id='word_1_68' title='bbox 1736 965 1817 1025; x_wconf 91' lang='lat' dir='ltr'><strong>rei</strong></span> <span class='ocrx_word' id='word_1_69' title='bbox 1843 968 2129 1042; x_wconf 89' lang='lat' dir='ltr'><strong>publicae.</strong></span> <span class='ocrx_word' id='word_1_70' title='bbox 2198 966 2379 1026; x_wconf 90' lang='lat' dir='ltr'><strong>Plura</strong></span> 
     </span>
     <span class='ocr_line' id='line_1_9' title="bbox 439 1061 2379 1141; baseline 0.001 -19"><span class='ocrx_word' id='word_1_71' title='bbox 439 1074 448 1086; x_wconf 87' lang='grc'><strong><em>’</em></strong></span> <span class='ocrx_word' id='word_1_72' title='bbox 474 1064 855 1140; x_wconf 87' lang='lat' dir='ltr'><strong>scripsissem,</strong></span> <span class='ocrx_word' id='word_1_73' title='bbox 883 1063 995 1120; x_wconf 91' lang='lat' dir='ltr'><strong>nisi</strong></span> <span class='ocrx_word' id='word_1_74' title='bbox 1025 1062 1107 1120; x_wconf 91' lang='lat' dir='ltr'><strong>tui</strong></span> <span class='ocrx_word' id='word_1_75' title='bbox 1136 1061 1493 1122; x_wconf 87' lang='lat' dir='ltr'><strong>festinarent.</strong></span> <span class='ocrx_word' id='word_1_76' title='bbox 1562 1063 1772 1141; x_wconf 89' lang='lat' dir='ltr'><strong>Itaque</strong></span> <span class='ocrx_word' id='word_1_77' title='bbox 1802 1062 2137 1141; x_wconf 88' lang='lat' dir='ltr'><strong>Chaerippo</strong></span> <span class='ocrx_word' id='word_1_78' title='bbox 2165 1073 2379 1124; x_wconf 88' lang='lat' dir='ltr'><strong>nostro</strong></span> 
     </span>
     <span class='ocr_line' id='line_1_10' title="bbox 474 1161 1060 1229; baseline -0.003 -9"><span class='ocrx_word' id='word_1_79' title='bbox 474 1179 572 1220; x_wconf 86' lang='lat' dir='ltr'><strong>me</strong></span> <span class='ocrx_word' id='word_1_80' title='bbox 599 1161 770 1229; x_wconf 85' lang='lat' dir='ltr'><strong>velim</strong></span> <span class='ocrx_word' id='word_1_81' title='bbox 797 1177 1060 1218; x_wconf 84' lang='lat' dir='ltr'><strong>excuses.</strong></span> 
     </span>
    </p>
   </div>
   <div class='ocr_carea' id='block_1_5' title="bbox 747 1297 2093 1490">
    <p class='ocr_par' dir='ltr' id='par_1_5' title="bbox 747 1297 2093 1490">
     <span class='ocr_line' id='line_1_11' title="bbox 862 1297 1983 1380; baseline 0.003 -23"><span class='ocrx_word' id='word_1_82' title='bbox 862 1303 993 1359; x_wconf 88' lang='lat'>125.</span> <span class='ocrx_word' id='word_1_83' title='bbox 1076 1298 1191 1357; x_wconf 91' lang='lat' dir='ltr'><strong>AD</strong></span> <span class='ocrx_word' id='word_1_84' title='bbox 1231 1297 1735 1380; x_wconf 71' lang='lat' dir='ltr'>FAMILIARES</span> <span class='ocrx_word' id='word_1_85' title='bbox 1776 1299 1882 1358; x_wconf 92' lang='lat' dir='ltr'><strong>XI.</strong></span> <span class='ocrx_word' id='word_1_86' title='bbox 1926 1301 1983 1360; x_wconf 91' lang='lat'><strong>8.</strong></span> 
     </span>
     <span class='ocr_line' id='line_1_12' title="bbox 747 1403 2093 1490; baseline 0 -26"><span class='ocrx_word' id='word_1_87' title='bbox 747 1405 879 1465; x_wconf 73' lang='lat' dir='ltr'><strong>Scn.</strong></span> <span class='ocrx_word' id='word_1_88' title='bbox 923 1403 1143 1464; x_wconf 69' lang='lat' dir='ltr'><strong>Romi:</strong></span> <span class='ocrx_word' id='word_1_89' title='bbox 1183 1423 1373 1464; x_wconf 74' lang='lat' dir='ltr'>MENSE</span> <span class='ocrx_word' id='word_1_90' title='bbox 1414 1404 1702 1465; x_wconf 74' lang='lat' dir='ltr'><strong>IANUAruo</strong></span> <span class='ocrx_word' id='word_1_91' title='bbox 1743 1423 1912 1490; x_wconf 52' lang='grc' dir='ltr'><strong>μισ.</strong></span> <span class='ocrx_word' id='word_1_92' title='bbox 1958 1419 2093 1480; x_wconf 88' lang='lat'><strong>711.</strong></span> 
     </span>
    </p>
   </div>
   <div class='ocr_carea' id='block_1_6' title="bbox 753 1499 2079 1597">
    <p class='ocr_par' dir='ltr' id='par_1_6' title="bbox 753 1499 2079 1597">
     <span class='ocr_line' id='line_1_13' title="bbox 753 1499 2079 1597; baseline 0.001 -26"><span class='ocrx_word' id='word_1_93' title='bbox 753 1530 815 1571; x_wconf 75' lang='lat' dir='ltr'><strong>u.</strong></span> <span class='ocrx_word' id='word_1_94' title='bbox 844 1530 1051 1573; x_wconf 68' lang='lat' dir='ltr'><strong>cmmzo</strong></span> <span class='ocrx_word' id='word_1_95' title='bbox 1089 1530 1135 1570; x_wconf 75' lang='lat' dir='ltr'><strong>S.</strong></span> <span class='ocrx_word' id='word_1_96' title='bbox 1164 1530 1221 1570; x_wconf 86' lang='lat' dir='ltr'><strong>n.</strong></span> <span class='ocrx_word' id='word_1_97' title='bbox 1251 1531 1306 1570; x_wconf 88' lang='lat' dir='ltr'><strong>n.</strong></span> <span class='ocrx_word' id='word_1_98' title='bbox 1337 1529 1531 1572; x_wconf 73' lang='lat' dir='ltr'><strong>murro</strong></span> <span class='ocrx_word' id='word_1_99' title='bbox 1572 1531 1691 1571; x_wconf 75' lang='lat' dir='ltr'><strong>mr.</strong></span> <span class='ocrx_word' id='word_1_100' title='bbox 1733 1531 1848 1572; x_wconf 75' lang='lat' dir='ltr'><strong>cos,</strong></span> <span class='ocrx_word' id='word_1_101' title='bbox 1872 1499 2079 1597; x_wconf 57' lang='lat' dir='ltr'><strong>⁴intsro.</strong></span> 
     </span>
    </p>
   </div>
   <div class='ocr_carea' id='block_1_7' title="bbox 470 1616 2377 3539">
    <p class='ocr_par' dir='ltr' id='par_1_7' title="bbox 470 1616 2377 3539">
     <span class='ocr_line' id='line_1_14' title="bbox 561 1616 2375 1694; baseline 0.001 -18"><span class='ocrx_word' id='word_1_102' title='bbox 561 1637 612 1679; x_wconf 87' lang='lat'><strong>1.</strong></span> <span class='ocrx_word' id='word_1_103' title='bbox 653 1616 747 1678; x_wconf 90' lang='lat' dir='ltr'><strong>Eo</strong></span> <span class='ocrx_word' id='word_1_104' title='bbox 775 1627 1041 1692; x_wconf 88' lang='lat' dir='ltr'><strong>tempore</strong></span> <span class='ocrx_word' id='word_1_105' title='bbox 1071 1616 1235 1675; x_wconf 91' lang='lat' dir='ltr'><strong>Polla</strong></span> <span class='ocrx_word' id='word_1_106' title='bbox 1263 1627 1363 1675; x_wconf 91' lang='lat' dir='ltr'><strong>tua</strong></span> <span class='ocrx_word' id='word_1_107' title='bbox 1390 1617 1562 1686; x_wconf 86' lang='lat' dir='ltr'><strong>misit,</strong></span> <span class='ocrx_word' id='word_1_108' title='bbox 1590 1626 1653 1675; x_wconf 90' lang='lat' dir='ltr'><strong>ut</strong></span> <span class='ocrx_word' id='word_1_109' title='bbox 1681 1616 1755 1674; x_wconf 95' lang='lat' dir='ltr'><strong>ad</strong></span> <span class='ocrx_word' id='word_1_110' title='bbox 1790 1627 1864 1687; x_wconf 91' lang='lat' dir='ltr'><strong>te,</strong></span> <span class='ocrx_word' id='word_1_111' title='bbox 1895 1618 1943 1675; x_wconf 91' lang='lat' dir='ltr'><strong>si</strong></span> <span class='ocrx_word' id='word_1_112' title='bbox 1972 1617 2114 1694; x_wconf 90' lang='lat' dir='ltr'><strong>quid</strong></span> <span class='ocrx_word' id='word_1_113' title='bbox 2141 1618 2375 1692; x_wconf 87' lang='lat' dir='ltr'><strong>vellem,</strong></span> 
     </span>
     <span class='ocr_line' id='line_1_15' title="bbox 473 1695 2373 1790; baseline 0 -15"><span class='ocrx_word' id='word_1_114' title='bbox 473 1695 673 1775; x_wconf 85' lang='lat' dir='ltr'><strong>darem</strong></span> <span class='ocrx_word' id='word_1_115' title='bbox 724 1715 1054 1786; x_wconf 89' lang='lat' dir='ltr'><strong>litterarum,</strong></span> <span class='ocrx_word' id='word_1_116' title='bbox 1105 1733 1257 1785; x_wconf 90' lang='lat' dir='ltr'><strong>cum,</strong></span> <span class='ocrx_word' id='word_1_117' title='bbox 1309 1714 1450 1790; x_wconf 91' lang='lat' dir='ltr'><strong>quid</strong></span> <span class='ocrx_word' id='word_1_118' title='bbox 1500 1715 1827 1785; x_wconf 87' lang='lat' dir='ltr'><strong>scriberem,</strong></span> <span class='ocrx_word' id='word_1_119' title='bbox 1870 1733 1994 1773; x_wconf 90' lang='lat' dir='ltr'><strong>non</strong></span> <span class='ocrx_word' id='word_1_120' title='bbox 2042 1715 2373 1789; x_wconf 89' lang='lat' dir='ltr'><strong>habebam;</strong></span> 
     </span>
     <span class='ocr_line' id='line_1_16' title="bbox 473 1813 2375 1889; baseline 0 -16"><span class='ocrx_word' id='word_1_121' title='bbox 473 1816 673 1874; x_wconf 89' lang='lat' dir='ltr'><strong>omnia</strong></span> <span class='ocrx_word' id='word_1_122' title='bbox 716 1815 876 1870; x_wconf 90' lang='lat' dir='ltr'><strong>enim</strong></span> <span class='ocrx_word' id='word_1_123' title='bbox 925 1823 1087 1871; x_wconf 90' lang='lat' dir='ltr'><strong>erant</strong></span> <span class='ocrx_word' id='word_1_124' title='bbox 1133 1830 1421 1889; x_wconf 88' lang='lat' dir='ltr'><strong>suspensa</strong></span> <span class='ocrx_word' id='word_1_125' title='bbox 1466 1822 1705 1889; x_wconf 90' lang='lat' dir='ltr'><strong>propter</strong></span> <span class='ocrx_word' id='word_1_126' title='bbox 1744 1813 2245 1888; x_wconf 86' lang='lat' dir='ltr'><strong>exspectationem</strong></span> <span class='ocrx_word' id='word_1_127' title='bbox 2288 1814 2375 1874; x_wconf 91' lang='lat' dir='ltr'><strong>le-</strong></span> 
     </span>
     <span class='ocr_line' id='line_1_17' title="bbox 472 1907 2373 1989; baseline 0.001 -18"><span class='ocrx_word' id='word_1_128' title='bbox 472 1923 760 1989; x_wconf 87' lang='lat' dir='ltr'><strong>gatorum,</strong></span> <span class='ocrx_word' id='word_1_129' title='bbox 790 1907 889 1987; x_wconf 88' lang='lat' dir='ltr'><strong>qui</strong></span> <span class='ocrx_word' id='word_1_130' title='bbox 917 1910 1056 1987; x_wconf 89' lang='lat' dir='ltr'><strong>quid</strong></span> <span class='ocrx_word' id='word_1_131' title='bbox 1096 1910 1367 1987; x_wconf 87' lang='lat' dir='ltr'><strong>egissent,</strong></span> <span class='ocrx_word' id='word_1_132' title='bbox 1395 1909 1682 1968; x_wconf 90' lang='lat' dir='ltr'><strong>nihildum</strong></span> <span class='ocrx_word' id='word_1_133' title='bbox 1718 1911 2110 1987; x_wconf 84' lang='lat' dir='ltr'><strong>nuntiabatur.</strong></span> <span class='ocrx_word' id='word_1_134' title='bbox 2194 1910 2373 1973; x_wconf 88' lang='lat' dir='ltr'><strong>Haec</strong></span> 
     </span>
     <span class='ocr_line' id='line_1_18' title="bbox 473 2007 2374 2084; baseline -0.001 -14"><span class='ocrx_word' id='word_1_135' title='bbox 473 2023 668 2070; x_wconf 90' lang='lat' dir='ltr'><strong>tamen</strong></span> <span class='ocrx_word' id='word_1_136' title='bbox 708 2009 1016 2068; x_wconf 89' lang='lat' dir='ltr'><strong>scribenda</strong></span> <span class='ocrx_word' id='word_1_137' title='bbox 1052 2007 1409 2067; x_wconf 74' lang='lat' dir='ltr'><strong>existimavit</strong></span> <span class='ocrx_word' id='word_1_138' title='bbox 1457 2007 1711 2083; x_wconf 89' lang='lat' dir='ltr'><strong>primum</strong></span> <span class='ocrx_word' id='word_1_139' title='bbox 1748 2018 2016 2065; x_wconf 88' lang='lat' dir='ltr'><strong>senatum</strong></span> <span class='ocrx_word' id='word_1_140' title='bbox 2053 2010 2374 2084; x_wconf 88' lang='lat' dir='ltr'><strong>populum-</strong></span> 
     </span>
     <span class='ocr_line' id='line_1_19' title="bbox 472 2104 2373 2184; baseline 0.001 -19"><span class='ocrx_word' id='word_1_141' title='bbox 472 2127 588 2184; x_wconf 91' lang='lat' dir='ltr'><strong>que</strong></span> <span class='ocrx_word' id='word_1_142' title='bbox 636 2107 975 2165; x_wconf 89' lang='lat' dir='ltr'><strong>Romanum</strong></span> <span class='ocrx_word' id='word_1_143' title='bbox 1023 2105 1097 2164; x_wconf 88' lang='lat' dir='ltr'><strong>de</strong></span> <span class='ocrx_word' id='word_1_144' title='bbox 1144 2114 1201 2163; x_wconf 92' lang='lat' dir='ltr'><strong>te</strong></span> <span class='ocrx_word' id='word_1_145' title='bbox 1250 2104 1512 2163; x_wconf 89' lang='lat' dir='ltr'><strong>laborare</strong></span> <span class='ocrx_word' id='word_1_146' title='bbox 1560 2122 1684 2163; x_wconf 90' lang='lat' dir='ltr'><strong>non</strong></span> <span class='ocrx_word' id='word_1_147' title='bbox 1734 2105 1923 2163; x_wconf 89' lang='lat' dir='ltr'><strong>solum</strong></span> <span class='ocrx_word' id='word_1_148' title='bbox 1974 2106 2174 2165; x_wconf 87' lang='lat' dir='ltr'><strong>salutis</strong></span> <span class='ocrx_word' id='word_1_149' title='bbox 2227 2125 2373 2166; x_wconf 91' lang='lat' dir='ltr'><strong>suae</strong></span> 
     </span>
     <span class='ocr_line' id='line_1_20' title="bbox 472 2194 2372 2277; baseline 0 -13"><span class='ocrx_word' id='word_1_150' title='bbox 472 2194 817 2273; x_wconf 58' lang='lat' dir='ltr'><strong>causa,‘sed</strong></span> <span class='ocrx_word' id='word_1_151' title='bbox 863 2203 1038 2261; x_wconf 89' lang='lat' dir='ltr'><strong>etiam</strong></span> <span class='ocrx_word' id='word_1_152' title='bbox 1087 2202 1379 2277; x_wconf 86' lang='lat' dir='ltr'><strong>dignitatis</strong></span> <span class='ocrx_word' id='word_1_153' title='bbox 1437 2210 1604 2272; x_wconf 86' lang='lat' dir='ltr'><strong>tuae;</strong></span> <span class='ocrx_word' id='word_1_154' title='bbox 1670 2202 2023 2261; x_wconf 89' lang='lat' dir='ltr'><strong>admirabilis</strong></span> <span class='ocrx_word' id='word_1_155' title='bbox 2073 2204 2231 2261; x_wconf 89' lang='lat' dir='ltr'><strong>enim</strong></span> <span class='ocrx_word' id='word_1_156' title='bbox 2282 2216 2372 2264; x_wconf 89' lang='lat' dir='ltr'><strong>est</strong></span> 
     </span>
     <span class='ocr_line' id='line_1_21' title="bbox 471 2298 2372 2378; baseline 0 -19"><span class='ocrx_word' id='word_1_157' title='bbox 471 2300 761 2378; x_wconf 88' lang='lat' dir='ltr'><strong>quaedam</strong></span> <span class='ocrx_word' id='word_1_158' title='bbox 813 2299 898 2357; x_wconf 89' lang='lat' dir='ltr'><strong>tui</strong></span> <span class='ocrx_word' id='word_1_159' title='bbox 940 2299 1195 2357; x_wconf 90' lang='lat' dir='ltr'><strong>nominis</strong></span> <span class='ocrx_word' id='word_1_160' title='bbox 1250 2298 1457 2357; x_wconf 89' lang='lat' dir='ltr'><strong>caritas</strong></span> <span class='ocrx_word' id='word_1_161' title='bbox 1507 2315 1788 2375; x_wconf 91' lang='lat' dir='ltr'><strong>amorque</strong></span> <span class='ocrx_word' id='word_1_162' title='bbox 1836 2300 1897 2356; x_wconf 92' lang='lat' dir='ltr'><strong>in</strong></span> <span class='ocrx_word' id='word_1_163' title='bbox 1952 2311 2010 2357; x_wconf 90' lang='lat' dir='ltr'><strong>te</strong></span> <span class='ocrx_word' id='word_1_164' title='bbox 2059 2300 2372 2375; x_wconf 88' lang='lat' dir='ltr'><strong>singularis</strong></span> 
     </span>
     <span class='ocr_line' id='line_1_22' title="bbox 473 2396 2374 2472; baseline 0 -15"><span class='ocrx_word' id='word_1_165' title='bbox 473 2399 735 2457; x_wconf 89' lang='lat' dir='ltr'><strong>omnium</strong></span> <span class='ocrx_word' id='word_1_166' title='bbox 789 2396 1031 2454; x_wconf 86' lang='lat' dir='ltr'><strong>civium:</strong></span> <span class='ocrx_word' id='word_1_167' title='bbox 1087 2396 1166 2453; x_wconf 93' lang='lat' dir='ltr'><strong>ita</strong></span> <span class='ocrx_word' id='word_1_168' title='bbox 1215 2396 1371 2453; x_wconf 92' lang='lat' dir='ltr'><strong>enim</strong></span> <span class='ocrx_word' id='word_1_169' title='bbox 1420 2404 1655 2471; x_wconf 88' lang='lat' dir='ltr'><strong>sperant</strong></span> <span class='ocrx_word' id='word_1_170' title='bbox 1710 2407 1883 2472; x_wconf 89' lang='lat' dir='ltr'><strong>atque</strong></span> <span class='ocrx_word' id='word_1_171' title='bbox 1934 2397 2255 2469; x_wconf 88' lang='lat' dir='ltr'><strong>confidunt,</strong></span> <span class='ocrx_word' id='word_1_172' title='bbox 2306 2410 2374 2457; x_wconf 91' lang='lat' dir='ltr'><strong>ut</strong></span> 
     </span>
     <span class='ocr_line' id='line_1_23' title="bbox 473 2491 2375 2570; baseline 0 -16"><span class='ocrx_word' id='word_1_173' title='bbox 473 2507 644 2555; x_wconf 87' lang='lat' dir='ltr'><strong>antea</strong></span> <span class='ocrx_word' id='word_1_174' title='bbox 696 2511 851 2569; x_wconf 86' lang='lat' dir='ltr'><strong>rege,</strong></span> <span class='ocrx_word' id='word_1_175' title='bbox 908 2493 993 2551; x_wconf 87' lang='lat' dir='ltr'><strong>sic</strong></span> <span class='ocrx_word' id='word_1_176' title='bbox 1044 2491 1161 2550; x_wconf 92' lang='lat' dir='ltr'><strong>hoc</strong></span> <span class='ocrx_word' id='word_1_177' title='bbox 1214 2502 1481 2568; x_wconf 91' lang='lat' dir='ltr'><strong>tempore</strong></span> <span class='ocrx_word' id='word_1_178' title='bbox 1531 2510 1719 2566; x_wconf 89' lang='lat' dir='ltr'><strong>regno</strong></span> <span class='ocrx_word' id='word_1_179' title='bbox 1779 2505 1835 2551; x_wconf 92' lang='lat' dir='ltr'><strong>te</strong></span> <span class='ocrx_word' id='word_1_180' title='bbox 1892 2512 2015 2551; x_wconf 88' lang='lat' dir='ltr'><strong>rem</strong></span> <span class='ocrx_word' id='word_1_181' title='bbox 2072 2495 2375 2570; x_wconf 88' lang='lat' dir='ltr'><strong>publicam</strong></span> 
     </span>
     <span class='ocr_line' id='line_1_24' title="bbox 470 2589 2374 2668; baseline 0 -15"><span class='ocrx_word' id='word_1_182' title='bbox 470 2596 859 2653; x_wconf 86' lang='lat' dir='ltr'><strong>liberaturum.</strong></span> <span class='ocrx_word' id='word_1_183' title='bbox 946 2608 1000 2648; x_wconf 88' lang='lat'><strong>2.</strong></span> <span class='ocrx_word' id='word_1_184' title='bbox 1044 2589 1273 2649; x_wconf 90' lang='lat' dir='ltr'><strong>Romae</strong></span> <span class='ocrx_word' id='word_1_185' title='bbox 1321 2589 1561 2648; x_wconf 89' lang='lat' dir='ltr'><strong>dilectus</strong></span> <span class='ocrx_word' id='word_1_186' title='bbox 1609 2590 1853 2649; x_wconf 90' lang='lat' dir='ltr'><strong>habetur</strong></span> <span class='ocrx_word' id='word_1_187' title='bbox 1897 2602 2137 2668; x_wconf 90' lang='lat' dir='ltr'><strong>totaque</strong></span> <span class='ocrx_word' id='word_1_188' title='bbox 2183 2593 2374 2666; x_wconf 88' lang='lat' dir='ltr'><strong>Italia,</strong></span> 
     </span>
     <span class='ocr_line' id='line_1_25' title="bbox 473 2688 2377 2764; baseline -0.001 -12"><span class='ocrx_word' id='word_1_189' title='bbox 473 2694 522 2753; x_wconf 89' lang='lat' dir='ltr'><strong>si</strong></span> <span class='ocrx_word' id='word_1_190' title='bbox 569 2692 662 2750; x_wconf 91' lang='lat' dir='ltr'><strong>hic</strong></span> <span class='ocrx_word' id='word_1_191' title='bbox 710 2689 952 2747; x_wconf 89' lang='lat' dir='ltr'><strong>dilectus</strong></span> <span class='ocrx_word' id='word_1_192' title='bbox 1007 2688 1388 2764; x_wconf 88' lang='lat' dir='ltr'><strong>appellandus</strong></span> <span class='ocrx_word' id='word_1_193' title='bbox 1452 2697 1557 2759; x_wconf 85' lang='lat' dir='ltr'><strong>est,</strong></span> <span class='ocrx_word' id='word_1_194' title='bbox 1614 2706 1749 2748; x_wconf 91' lang='lat' dir='ltr'><strong>cum</strong></span> <span class='ocrx_word' id='word_1_195' title='bbox 1798 2689 1948 2747; x_wconf 91' lang='lat' dir='ltr'><strong>ultro</strong></span> <span class='ocrx_word' id='word_1_196' title='bbox 2001 2707 2064 2748; x_wconf 90' lang='lat' dir='ltr'><strong>se</strong></span> <span class='ocrx_word' id='word_1_197' title='bbox 2114 2690 2377 2751; x_wconf 83' lang='lat' dir='ltr'><strong>offerunt</strong></span> 
     </span>
     <span class='ocr_line' id='line_1_26' title="bbox 473 2784 2373 2861; baseline -0.001 -14"><span class='ocrx_word' id='word_1_198' title='bbox 473 2804 716 2847; x_wconf 85' lang='lat' dir='ltr'><strong>omnes:</strong></span> <span class='ocrx_word' id='word_1_199' title='bbox 762 2794 956 2843; x_wconf 89' lang='lat' dir='ltr'><strong>tantus</strong></span> <span class='ocrx_word' id='word_1_200' title='bbox 1003 2785 1177 2843; x_wconf 90' lang='lat' dir='ltr'><strong>ardor</strong></span> <span class='ocrx_word' id='word_1_201' title='bbox 1219 2785 1447 2843; x_wconf 91' lang='lat' dir='ltr'><strong>animos</strong></span> <span class='ocrx_word' id='word_1_202' title='bbox 1502 2784 1808 2843; x_wconf 85' lang='lat' dir='ltr'><strong>hominurn</strong></span> <span class='ocrx_word' id='word_1_203' title='bbox 1852 2786 2165 2861; x_wconf 92' lang='lat' dir='ltr'><strong>occupavit</strong></span> <span class='ocrx_word' id='word_1_204' title='bbox 2212 2786 2373 2846; x_wconf 90' lang='lat' dir='ltr'><strong>desi-</strong></span> 
     </span>
     <span class='ocr_line' id='line_1_27' title="bbox 473 2882 2375 2962; baseline 0.001 -19"><span class='ocrx_word' id='word_1_205' title='bbox 473 2886 635 2943; x_wconf 90' lang='lat' dir='ltr'><strong>derio</strong></span> <span class='ocrx_word' id='word_1_206' title='bbox 682 2883 954 2942; x_wconf 89' lang='lat' dir='ltr'><strong>libertatis</strong></span> <span class='ocrx_word' id='word_1_207' title='bbox 998 2882 1252 2959; x_wconf 91' lang='lat' dir='ltr'><strong>odioque</strong></span> <span class='ocrx_word' id='word_1_208' title='bbox 1303 2883 1555 2941; x_wconf 87' lang='lat' dir='ltr'><strong>diutinae</strong></span> <span class='ocrx_word' id='word_1_209' title='bbox 1605 2882 1906 2941; x_wconf 90' lang='lat' dir='ltr'><strong>servitutis.</strong></span> <span class='ocrx_word' id='word_1_210' title='bbox 1991 2882 2085 2942; x_wconf 91' lang='lat' dir='ltr'><strong>De</strong></span> <span class='ocrx_word' id='word_1_211' title='bbox 2132 2885 2375 2962; x_wconf 91' lang='lat' dir='ltr'><strong>reliquis</strong></span> 
     </span>
     <span class='ocr_line' id='line_1_28' title="bbox 473 2978 2376 3058; baseline 0.002 -20"><span class='ocrx_word' id='word_1_212' title='bbox 473 2981 646 3039; x_wconf 91' lang='lat' dir='ltr'><strong>rebus</strong></span> <span class='ocrx_word' id='word_1_213' title='bbox 694 2997 731 3037; x_wconf 91' lang='lat' dir='ltr'><strong>a</strong></span> <span class='ocrx_word' id='word_1_214' title='bbox 776 2989 833 3037; x_wconf 90' lang='lat' dir='ltr'><strong>te</strong></span> <span class='ocrx_word' id='word_1_215' title='bbox 881 2978 998 3037; x_wconf 90' lang='lat' dir='ltr'><strong>iam</strong></span> <span class='ocrx_word' id='word_1_216' title='bbox 1053 2990 1389 3055; x_wconf 86' lang='lat' dir='ltr'><strong>exspectare</strong></span> <span class='ocrx_word' id='word_1_217' title='bbox 1443 2979 1656 3038; x_wconf 90' lang='lat' dir='ltr'><strong>litteras</strong></span> <span class='ocrx_word' id='word_1_218' title='bbox 1700 2979 2000 3050; x_wconf 88' lang='lat' dir='ltr'><strong>debemus,</strong></span> <span class='ocrx_word' id='word_1_219' title='bbox 2044 2981 2189 3056; x_wconf 90' lang='lat' dir='ltr'><strong>quid</strong></span> <span class='ocrx_word' id='word_1_220' title='bbox 2244 2984 2376 3058; x_wconf 90' lang='lat' dir='ltr'><strong>ipse</strong></span> 
     </span>
     <span class='ocr_line' id='line_1_29' title="bbox 473 3075 2374 3156; baseline 0.002 -20"><span class='ocrx_word' id='word_1_221' title='bbox 473 3095 630 3153; x_wconf 89' lang='lat' dir='ltr'><strong>agas,</strong></span> <span class='ocrx_word' id='word_1_222' title='bbox 664 3076 803 3152; x_wconf 89' lang='lat' dir='ltr'><strong>quid</strong></span> <span class='ocrx_word' id='word_1_223' title='bbox 842 3086 1039 3134; x_wconf 90' lang='lat' dir='ltr'><strong>noster</strong></span> <span class='ocrx_word' id='word_1_224' title='bbox 1079 3075 1317 3144; x_wconf 83' lang='lat' dir='ltr'><strong>HirtiuS,</strong></span> <span class='ocrx_word' id='word_1_225' title='bbox 1352 3076 1492 3151; x_wconf 90' lang='lat' dir='ltr'><strong>quid</strong></span> <span class='ocrx_word' id='word_1_226' title='bbox 1532 3076 1749 3135; x_wconf 88' lang='lat' dir='ltr'><strong>Caesar</strong></span> <span class='ocrx_word' id='word_1_227' title='bbox 1786 3095 1971 3141; x_wconf 77' lang='lat' dir='ltr'><strong>meus,</strong></span> <span class='ocrx_word' id='word_1_228' title='bbox 2002 3096 2152 3153; x_wconf 89' lang='lat' dir='ltr'><strong>quos</strong></span> <span class='ocrx_word' id='word_1_229' title='bbox 2193 3098 2374 3156; x_wconf 89' lang='lat' dir='ltr'><strong>spero</strong></span> 
     </span>
     <span class='ocr_line' id='line_1_30' title="bbox 473 3173 2371 3251; baseline 0.003 -19"><span class='ocrx_word' id='word_1_230' title='bbox 473 3174 632 3232; x_wconf 92' lang='lat' dir='ltr'><strong>brevi</strong></span> <span class='ocrx_word' id='word_1_231' title='bbox 674 3181 936 3247; x_wconf 87' lang='lat' dir='ltr'><strong>ternpore</strong></span> <span class='ocrx_word' id='word_1_232' title='bbox 985 3173 1259 3231; x_wconf 91' lang='lat' dir='ltr'><strong>societate</strong></span> <span class='ocrx_word' id='word_1_233' title='bbox 1309 3174 1579 3231; x_wconf 90' lang='lat' dir='ltr'><strong>victoriae</strong></span> <span class='ocrx_word' id='word_1_234' title='bbox 1628 3184 1821 3233; x_wconf 90' lang='lat' dir='ltr'><strong>tecum</strong></span> <span class='ocrx_word' id='word_1_235' title='bbox 1870 3176 2180 3251; x_wconf 92' lang='lat' dir='ltr'><strong>copulatos</strong></span> <span class='ocrx_word' id='word_1_236' title='bbox 2225 3178 2371 3238; x_wconf 90' lang='lat' dir='ltr'><strong>fore.</strong></span> 
     </span>
     <span class='ocr_line' id='line_1_31' title="bbox 476 3270 2377 3346; baseline 0.003 -19"><span class='ocrx_word' id='word_1_237' title='bbox 476 3270 790 3344; x_wconf 90' lang='lat' dir='ltr'><strong>Reliquum</strong></span> <span class='ocrx_word' id='word_1_238' title='bbox 833 3279 918 3326; x_wconf 90' lang='lat' dir='ltr'><strong>est</strong></span> <span class='ocrx_word' id='word_1_239' title='bbox 961 3280 1024 3325; x_wconf 92' lang='lat' dir='ltr'><strong>ut</strong></span> <span class='ocrx_word' id='word_1_240' title='bbox 1067 3270 1140 3327; x_wconf 91' lang='lat' dir='ltr'><strong>de</strong></span> <span class='ocrx_word' id='word_1_241' title='bbox 1182 3289 1277 3329; x_wconf 92' lang='lat' dir='ltr'><strong>me</strong></span> <span class='ocrx_word' id='word_1_242' title='bbox 1320 3270 1379 3327; x_wconf 93' lang='lat' dir='ltr'><strong>id</strong></span> <span class='ocrx_word' id='word_1_243' title='bbox 1422 3272 1687 3339; x_wconf 87' lang='lat' dir='ltr'><strong>scribam,</strong></span> <span class='ocrx_word' id='word_1_244' title='bbox 1720 3272 1881 3346; x_wconf 91' lang='lat' dir='ltr'><strong>quod</strong></span> <span class='ocrx_word' id='word_1_245' title='bbox 1924 3281 1982 3329; x_wconf 90' lang='lat' dir='ltr'><strong>te</strong></span> <span class='ocrx_word' id='word_1_246' title='bbox 2021 3290 2093 3329; x_wconf 84' lang='lat' dir='ltr'><strong>ex</strong></span> <span class='ocrx_word' id='word_1_247' title='bbox 2134 3283 2377 3332; x_wconf 87' lang='lat' dir='ltr'><strong>tuorum</strong></span> 
     </span>
     <span class='ocr_line' id='line_1_32' title="bbox 475 3365 2376 3443; baseline 0.004 -23"><span class='ocrx_word' id='word_1_248' title='bbox 475 3365 671 3421; x_wconf 89' lang='lat' dir='ltr'><strong>litteris</strong></span> <span class='ocrx_word' id='word_1_249' title='bbox 719 3374 777 3421; x_wconf 90' lang='lat' dir='ltr'><strong>et</strong></span> <span class='ocrx_word' id='word_1_250' title='bbox 827 3381 997 3437; x_wconf 88' lang='lat' dir='ltr'><strong>spero</strong></span> <span class='ocrx_word' id='word_1_251' title='bbox 1048 3375 1106 3422; x_wconf 91' lang='lat' dir='ltr'><strong>et</strong></span> <span class='ocrx_word' id='word_1_252' title='bbox 1153 3368 1308 3423; x_wconf 91' lang='lat' dir='ltr'><strong>malo</strong></span> <span class='ocrx_word' id='word_1_253' title='bbox 1359 3384 1731 3440; x_wconf 85' lang='lat' dir='ltr'><strong>cognoscere,</strong></span> <span class='ocrx_word' id='word_1_254' title='bbox 1774 3384 1871 3423; x_wconf 90' lang='lat' dir='ltr'><strong>me</strong></span> <span class='ocrx_word' id='word_1_255' title='bbox 1921 3385 2113 3443; x_wconf 90' lang='lat' dir='ltr'><strong>neque</strong></span> <span class='ocrx_word' id='word_1_256' title='bbox 2165 3369 2376 3428; x_wconf 90' lang='lat' dir='ltr'><strong>deesse</strong></span> 
     </span>
     <span class='ocr_line' id='line_1_33' title="bbox 474 3457 2127 3539; baseline 0.005 -23"><span class='ocrx_word' id='word_1_257' title='bbox 474 3457 593 3516; x_wconf 77' lang='lat' dir='ltr'><strong>vulla</strong></span> <span class='ocrx_word' id='word_1_258' title='bbox 620 3460 678 3515; x_wconf 90' lang='lat' dir='ltr'><strong>in</strong></span> <span class='ocrx_word' id='word_1_259' title='bbox 708 3477 767 3515; x_wconf 89' lang='lat' dir='ltr'><strong>re</strong></span> <span class='ocrx_word' id='word_1_260' title='bbox 799 3476 986 3533; x_wconf 91' lang='lat' dir='ltr'><strong>neque</strong></span> <span class='ocrx_word' id='word_1_261' title='bbox 1016 3479 1292 3536; x_wconf 87' lang='lat' dir='ltr'><strong>umquam</strong></span> <span class='ocrx_word' id='word_1_262' title='bbox 1324 3461 1652 3520; x_wconf 90' lang='lat' dir='ltr'><strong>defuturum</strong></span> <span class='ocrx_word' id='word_1_263' title='bbox 1688 3463 1949 3539; x_wconf 85' lang='lat' dir='ltr'><strong>dignitati</strong></span> <span class='ocrx_word' id='word_1_264' title='bbox 1978 3476 2127 3524; x_wconf 87' lang='lat' dir='ltr'><strong>tuae.</strong></span> 
     </span>
    </p>
   </div>
  </div>
 </body>
</html>
