2642 3925
286 285 374 347 Ep.
396 270 510 354 982]
681 281 908 331 Emer.
953 273 1072 330 ΑΒ·
1094 280 1538 331 FAMILIARES
1582 282 1680 330 ιν.
1724 282 1786 354 5.
2048 283 2176 349 209

287 439 554 508 possunt,
597 430 679 488 uti
735 431 922 507 magis
976 431 1087 508 ipsi
1129 425 1431 491 videantur
1483 430 1728 489 aliorum
1774 421 2175 490 consolatione

284 527 548 604 indigere
575 545 754 603 quam
783 527 906 586 aliis
933 547 1108 606 posse
1147 543 1316 587 suum
1358 528 1613 587 officium
1641 538 1947 604 praestare,
1978 537 2173 586 tamen

203 607 212 615 ⁶
284 643 440 701 quae
492 625 553 683 in
604 626 929 701 praesentia
983 626 1044 684 in
1097 637 1357 685 mentem
1412 626 1553 686 mihi
1600 636 1895 696 venerunt,
1948 625 2173 685 decrevi

284 723 445 783 brevi
481 723 559 782 ad
596 733 652 781 te
679 725 1050 800 perscribere,
1081 742 1203 782 non
1237 742 1356 800 quo
1399 743 1471 784 ea
1507 733 1564 783 te
1591 723 1789 800 sugere
1830 724 2173 794 existimem,

281 819 392 879 sed
432 820 594 895 quod
627 819 866 879 forsitan
909 821 1108 879 dolore
1149 821 1461 897 impeditus
1501 821 1695 879 minus
1736 839 1808 880 ea
1839 820 2172 897 perspicias,

287 936 344 977 2.
386 915 548 989 Quid
586 928 672 976 est
706 918 868 993 quod
910 928 1072 976 tanto
1111 936 1289 997 opere
1330 929 1387 976 te
1428 926 1795 977 commoveat
1835 927 1967 976 tuus
2007 916 2175 976 dolor

279 1014 627 1074 intestinus?
668 1015 878 1092 cogita,
909 1034 1085 1092 quem
1112 1017 1188 1075 ad
1215 1017 1461 1075 modum
1499 1015 1688 1075 adhuc
1718 1013 1949 1074 fortuna
1974 1014 2173 1073 nobis-

283 1131 422 1171 cum
466 1114 684 1188 egerit:
726 1132 797 1172 ea
837 1114 1010 1172 nobis
1056 1125 1254 1191 erepta
1295 1133 1443 1185 esse,
1485 1131 1635 1190 quae
1676 1113 2009 1172 hominibus
2050 1129 2174 1170 non
2242 1189 2251 1198 ι

281 1208 480 1267 minus
508 1227 686 1286 quam
717 1211 876 1268 liberi
904 1229 1039 1270 cara
1079 1229 1208 1271 esse
1236 1212 1469 1281 debent,
1496 1211 1759 1286 patriam,
1790 1211 2172 1280 honestatem,

283 1306 644 1382 dignitatem,
693 1309 946 1368 honores
995 1325 1223 1368 omnes.
1308 1307 1448 1368 Hoc
1488 1325 1609 1366 uno
1651 1307 2029 1367 incommodo
2071 1305 2173 1364 ad·

281 1403 410 1462 dito
439 1406 579 1481 quid
617 1407 692 1464 ad
730 1407 991 1465 dolorem
1031 1406 1268 1483 adiungi
1296 1406 1528 1483 potuit?
1569 1417 1667 1464 aut
1695 1405 1794 1482 qui
1822 1422 1946 1462 non
1973 1404 2033 1461 in
2065 1401 2173 1460 illis

283 1502 460 1562 rebus
501 1504 844 1563 exercitatus
878 1507 1108 1564 animus
1148 1505 1355 1564 callere
1392 1505 1509 1562 iarn
1553 1504 1724 1563 debet
1760 1515 1933 1579 atque
1974 1501 2174 1560 omnia

281 1599 526 1658 minoris
573 1603 941 1661 existimare?
1025 1621 1080 1678 3.
1139 1602 1236 1660 An
1285 1601 1435 1684 illius
1483 1601 1687 1671 vicem,
1732 1601 1926 1671 crede,
1969 1599 2169 1658 doles?

283 1697 555 1772 quotiens
597 1698 658 1756 in
701 1717 832 1758 eam
875 1699 1290 1776 cogitationem
1333 1717 1575 1759 necesse
1602 1707 1707 1756 -est
1748 1709 1805 1757 et
1845 1706 1908 1755 tu
1946 1697 2173 1755 veneris

281 1804 342 1852 et
383 1812 493 1853 nos
543 1813 716 1873 saepe
765 1797 1091 1868 incidimus,
1135 1797 1294 1857 hisce
1343 1797 1700 1873 temporibus
1750 1812 1872 1854 non
1918 1795 2171 1872 pessime

281 1909 419 1950 cum
449 1891 519 1950 iis
547 1910 676 1952 esse
703 1905 915 1967 actum,
938 1895 1149 1973 quibus
1178 1895 1302 1954 sine
1333 1895 1535 1953 dolore
1563 1892 1779 1953 licitum
1808 1901 1897 1951 est
1922 1899 2170 1950 mortem

279 2008 419 2049 cum
446 1992 561 2050 vita
601 1994 1003 2052 commutare?
1087 1992 1248 2065 Quid
1289 2004 1483 2053 autem
1525 1992 1631 2052 fuit
1671 1992 1831 2069 quod
1873 1991 2028 2050 illam
2055 1991 2169 2049 hoc

281 2101 545 2166 tempore
573 2091 648 2149 ad
674 2092 983 2150 vivendum
1012 2110 1228 2168 magno
1267 2108 1447 2169 opere
1473 2092 1709 2150 invitare
1735 2091 1971 2167 posset?
2020 2105 2170 2165 quae

279 2190 412 2247 res?
462 2206 613 2266 quae
655 2190 831 2265 spes?
886 2191 1047 2266 quod
1085 2192 1263 2250 animi
1305 2191 1625 2250 solacium?
1674 2189 1755 2249 Ut
1796 2207 1932 2248 cum
1972 2188 2167 2266 aliquo

279 2286 650 2346 adulescente
685 2289 958 2363 primario
1001 2290 1314 2348 coniuncta
1356 2298 1603 2347 aetatem
1644 2286 1908 2364 gereret?
1951 2287 2168 2346 licitum

259 2394 371 2442 est
397 2384 516 2455 tibi,
545 2385 738 2457 credo,
760 2403 869 2461 pro
898 2396 997 2444 tua
1025 2387 1300 2463 dignitate
1329 2406 1402 2446 ex
1430 2387 1540 2445 hac
1568 2387 1861 2446 iuventute
1889 2402 2168 2461 generum

279 2481 546 2557 deligere,
604 2484 766 2541 cuius
822 2484 958 2543 fidei
1026 2484 1237 2543 liberos
1297 2494 1432 2544 tuos
1501 2496 1559 2545 te
1613 2494 1739 2545 tuto
1808 2484 2166 2543 committere

279 2582 546 2657 putares!
613 2582 727 2641 ‘An
767 2593 832 2641 ut
879 2600 950 2642 ea
989 2583 1200 2642 liberos
1250 2603 1325 2643 ex
1375 2602 1505 2644 sese
1547 2592 1788 2661 pareret,
1831 2599 1981 2660 quos
2032 2598 2167 2639 cum

279 2678 553 2738 florentes
594 2680 811 2739 videret
850 2681 1195 2741 laetaretur?
1238 2683 1340 2757 qui
1381 2701 1506 2741 rem
1547 2701 1582 2740 a
1620 2689 1860 2758 parente
1901 2678 2166 2737 traditam

277 2794 384 2852 per
411 2794 476 2835 se
503 2786 699 2835 tenere
726 2779 1007 2854 possent?
1049 2779 1305 2839 honores
1336 2779 1645 2839 ordinatim
1674 2776 1904 2854 petituri
1931 2774 2167 2834 essent?

275 2874 338 2931 in
380 2892 454 2932 re-
484 2874 730 2951 publica,
770 2876 828 2934 in
872 2877 1193 2935 amicorum
1234 2877 1483 2953 negotiis
1524 2876 1783 2934 libertate
1824 2891 1930 2933 sua
1969 2874 2166 2933 usuri?

274 2968 418 3046 quid
444 2972 654 3030 horum
684 2972 789 3031 fuit
815 2975 976 3049 quod
1004 2992 1126 3032 non
1155 2973 1312 3050 prius
1343 2990 1520 3050 quam
1558 2973 1758 3031 datum
1800 2982 1887 3031 est
1926 2972 2166 3050 ademp-

273 3080 399 3127 tum
427 3069 542 3129 sit?
626 3076 644 3102 ⁴
663 3072 742 3129 At
763 3089 900 3129 vero
927 3071 1144 3130 malum
1173 3082 1262 3129 est
1283 3071 1497 3130 liberos
1526 3067 1821 3130 amittere?
1903 3068 2164 3130 Malum}

272 3167 385 3225 nisi
414 3166 528 3227 hoc
555 3169 722 3246 peius
750 3178 854 3241 est,
885 3168 1031 3228 haec
1075 3168 1308 3228 sufferre
1352 3178 1409 3227 et
1437 3168 1678 3247 perpeti.
1767 3188 1822 3240 4.
1865 3166 2035 3240 Quae
2070 3186 2163 3227 res

272 3258 417 3324 inihi
465 3284 587 3325 non
642 3267 997 3328 mediocrem
1053 3268 1518 3327 consolationem
1570 3266 1831 3337 attulerit,
1875 3265 2010 3324 volo
2058 3264 2161 3322 tibi

273 3380 753 3438 commemorare,
792 3366 839 3425 si
880 3364 1028 3424 forte
1069 3366 1278 3424 eadem
1317 3383 1412 3423 res
1453 3364 1556 3422 tibi
1600 3364 1861 3423 dolorem
1900 3361 2162 3419 minuere

273 3461 480 3538 possit.
565 3461 659 3521 Ex
715 3464 859 3524 Asia
926 3463 1171 3533 rediens,
1229 3481 1366 3521 cum
1436 3462 1510 3521 ab
1565 3460 1793 3537 Aegina
1853 3458 2159 3537 Megaram

1197 3578 1232 3621 Ρ
