2642 3925
297 259 521 324 Ep.139,
557 243 698 327 140.]
743 258 967 312 EPIST.
999 259 1096 306 AD
1124 253 1568 306 FAMILIARES
1596 253 1663 304 x.
1704 255 1802 326 15.
2065 240 2189 321 269

298 433 489 490 neque
530 416 790 474 animum
831 434 943 474 nec
986 415 1343 490 diligentiam
1384 413 1526 472 mihi
1569 408 1911 472 defuturam.
1948 409 2190 485 *Cupio

295 513 658 573 mehercules
699 514 920 571 nullam
960 513 1249 571 residuam
1294 510 1742 571 sollicitudinem
1785 526 1953 581 esse3
1998 507 2102 566 sed
2144 508 2192 565 si

299 609 484 681 fuerit,
503 629 623 670 ⁴nec
661 611 860 669 animo
896 629 1005 669 nec
1034 610 1471 669 benevolentiae
1509 626 1620 667 nec
1648 606 1959 685 patientiae
2002 606 2191 664 cuius·

300 726 478 784 quam
526 726 633 784 pro
682 710 849 767 vobis
904 708 1130 767 cedam.
1210 707 1311 768 Do
1361 707 1597 785 quidem
1653 723 1767 780 ego
1822 720 2081 780 operam,
2131 711 2196 760 ut

301 808 475 864 etiam
506 805 797 882 Lepidum
825 806 902 864 ad
928 806 1098 865 huius
1124 807 1206 865 rei
1234 806 1574 864 societatem
1601 804 1851 874 incitem,
1880 801 2193 876 omniaque

303 905 354 961 ei
405 904 690 979 obsequia
732 903 1026 979 polliceor,
1073 904 1121 963 si
1166 905 1349 963 modo
1396 921 1522 961 rem
1569 901 1862 977 publicam
1910 897 2195 973 respicere

302 1001 473 1060 volet.
556 1000 709 1059 Utor
739 1001 800 1060 in
829 1000 937 1060 hac
978 1020 1042 1060 re
1083 1002 1441 1066 adiutoribus
1479 999 1996 1075 interpretibusque
2024 995 2195 1053 fratre

303 1116 440 1157 meo
474 1108 532 1157 et
560 1099 876 1158 Laterense
919 1109 977 1158 et
1003 1099 1221 1159 Furnio
1262 1109 1481 1158 nostr0.
1564 1097 1707 1156 Non
1743 1114 1839 1154 me
1880 1092 2198 1170 impedient

297 1198 558 1273 «privatae
599 1196 973 1267 offensioneS,
1016 1215 1134 1273 quo
1179 1198 1374 1255 minus
1417 1212 1527 1272 pro
1575 1196 1656 1254 rei
1697 1193 1967 1271 publicae
2016 1190 2197 1249 salute

298 1296 480 1353 -etiam
517 1311 653 1353 cum
680 1294 1081 1352 inimicissimo
1116 1295 1496 1353 consentiam.
1581 1292 1762 1365 Quod
1802 1291 1850 1349 si
1892 1288 2034 1347 nihil
2061 1306 2231 1364 pro-¹
2286 1274 2292 1281 ¹

308 1392 518 1463 fecem,
552 1392 735 1450 nihilo
774 1391 969 1449 minus
1007 1392 1267 1450 maximo
1310 1409 1441 1451 sum
1482 1391 1680 1449 animo
1723 1398 1782 1447 et
1821 1387 2041 1446 maiore
2083 1385 2198 1444 for-

303 1501 462 1548 tasse
518 1507 654 1547 cum
707 1507 841 1546 mea
892 1487 1077 1562 gloria
1123 1488 1289 1546 vobis
1345 1488 1486 1547 satis
1532 1486 1760 1546 faciam.
1841 1483 1963 1543 Fac
2007 1480 2200 1540 valeas

311 1605 523 1663 meque
551 1595 757 1644 mutuo
786 1586 1008 1662 diligas.

696 1747 827 1801 140.
912 1740 1028 1801 AD
1068 1741 1579 1801 FAMILIARES
1621 1740 1696 1800 X.
1746 1754 1836 1813 15.

479 1856 613 1917 Scn.
658 1874 720 1914 m
763 1856 1214 1915 ALLOBRoomus
1254 1874 1444 1914 mansu
1486 1854 1656 1914 Maro
1697 1871 1864 1914 A.u.c.
1903 1865 2044 1929 711.

980 1982 1233 2024 PLANcus
1274 1982 1557 2025 CICERONI.

405 2099 454 2141 1.
501 2078 616 2138 Hrs
656 2076 853 2136 litteris
894 2077 1121 2152 scriptis
1149 2094 1299 2152 quae
1328 2087 1537 2154 postea
1577 2075 1924 2135 accidissent
1964 2073 2110 2133 scire
2148 2082 2208 2133 te

318 2178 396 2237 ad
422 2195 545 2236 rem
566 2175 855 2252 publicam
877 2174 1074 2250 putavi
1094 2174 1413 2250 pertinere:
1456 2173 1728 2233 sedulitas
1755 2189 1902 2244 mea,
1924 2181 1990 2231 ut
2016 2189 2207 2247 spem,

322 2286 378 2336 et
420 2276 562 2334 mihi
602 2284 661 2333 et
699 2274 783 2332 rei
815 2273 1081 2349 publicae
1122 2272 1249 2330 tulit
1287 2272 1557 2332 fructum.
1640 2271 1914 2347 Namque
1955 2271 2212 2330 adsiduis

321 2372 684 2432 internuntiis
722 2389 859 2430 cum
886 2369 1114 2446 Lepido
1157 2370 1269 2446 egi,
1298 2380 1362 2429 ut
1389 2371 1609 2429 omissa
1648 2370 1811 2429 omni
1838 2369 2211 2428 contentione

322 2469 809 2544 reconciliataque
862 2468 1155 2526 voluntate
1208 2477 1410 2527 nostra
1469 2468 1769 2526 communi
1833 2466 2078 2525 consilio
2132 2468 2214 2525 rei

325 2567 593 2645 publicae
640 2575 1013 2634 succurreret,
1058 2583 1137 2636 se,
1181 2563 1396 2626 liberos
1443 2566 1763 2640 urbemque
1811 2564 1989 2640 pluris
2037 2581 2214 2639 quam

325 2684 509 2725 unum
578 2663 868 2743 perditum
936 2662 1343 2739 abiectumque
1410 2662 1696 2721 latronem
1749 2670 1977 2737 putaret
2043 2662 2215 2718 obse-

327 2765 582 2841 quioque
622 2778 775 2830 mee,
806 2760 855 2818 si
881 2758 963 2817 ita
988 2759 1220 2831 faceret,
1249 2760 1327 2818 ad
1357 2777 1563 2819 omnes
1597 2778 1689 2818 res
1727 2758 2070 2817 abuteretur.
2160 2777 2212 2816 2.

327 2860 592 2920 Profeci:
634 2860 830 2934 itaque
864 2876 969 2933 per
998 2856 1373 2916 Laterensem
1410 2856 1823 2915 internuntium
1859 2855 2036 2914 fidem
2077 2855 2218 2914 mihi

328 2959 488 3017 dedit
516 2975 579 3015 se
609 2955 950 3026 Antonium,
980 2956 1028 3014 si
1056 2955 1362 3031 prohibere
1389 2955 1688 3031 provincia
1715 2971 1820 3012 sua
1847 2970 1968 3011 non
1994 2954 2219 3028 potuis-

330 3066 435 3128 set,
464 3053 617 3113 bello
646 3063 1099 3130 persecuturum,
1128 3071 1226 3111 me
1252 3063 1319 3111 ut
1345 3053 1600 3111 venirem
1629 3052 1946 3128 copiasque
1974 3052 2219 3109 coniun-

330 3170 532 3230 gerem
559 3151 800 3226 rogavit,
831 3168 1018 3225 eoque
1045 3151 1251 3226 magis,
1271 3150 1434 3226 quod
1462 3158 1518 3208 et
1538 3149 1832 3208 Antonius
1859 3149 1936 3206 ab
1964 3150 2221 3224 e'quitatu

332 3252 535 3309 firmus
575 3266 705 3308 esse
748 3248 1043 3307 dicebatur
1083 3257 1141 3306 et
1178 3247 1437 3324 Lepidus
1477 3266 1553 3305 ne
1595 3247 1951 3305 mediocrem
1986 3246 2222 3321 quidem

311 3348 654 3423 ‘equitatum
698 3344 982 3415 habebat;
1037 3362 1176 3402 nam
1231 3345 1408 3402 etiam
1463 3362 1537 3402 ex
1583 3345 1871 3421 paucitate
1926 3345 2047 3402 eius
2102 3363 2224 3404 non

335 3444 535 3511 multis
590 3452 722 3501 ante
779 3441 983 3500 diebus
1038 3442 1260 3513 decem,
1312 3442 1415 3518 qui
1468 3442 1673 3519 optimi
1719 3441 1961 3512 fuerant,
2010 3441 2085 3502 ad
2130 3460 2225 3501 me
2294 3478 2297 3481 -
