2642 3925
292 263 455 326 spa,
480 246 592 340 ⁸.·]'
754 256 979 307 rpzsr.
1016 255 1117 303 An
1158 252 1495 305 amc-tm
1527 255 1578 304 1.
1618 238 1717 304 16.
2096 254 2176 323 ¹5

294 417 385 476 sui
440 413 688 475 similem
741 412 803 473 in
856 412 1281 488 magistratibus
1325 422 1549 489 praeter
1591 408 1834 470 Fufium
1866 409 2178 469 neminem.

296 514 481 575 Bonis
522 513 736 571 utimur
783 512 1025 571 tribunis
1073 510 1171 587 pl.,
1212 509 1474 570 Cornuto
1529 526 1666 569 vero
1721 508 2182 567 Pseudocatone.

301 626 359 687 7.
413 610 575 687 Quid
628 609 893 686 quaeris?
948 608 1124 667 Nunc
1180 618 1244 667 ut
1290 608 1368 667 ad
1414 609 1634 684 privata
1677 604 1931 677 redeam,
1978 612 2188 680 'rcfiaepae
2271 680 2284 704 Ι
2345 614 2385 706 f

299 708 589 786 promissa
640 707 897 784 patravit.
978 706 1077 765 Tu
1130 706 1408 764 mandata
1461 706 1642 777 effice,
1693 722 1845 781 quae
1895 705 2184 780 recepisti.
2230 742 2355 839 w

303 808 381 879 Q.
402 806 591 877 frater,
611 806 712 882 qui
742 804 1056 881 Argiletani
1082 803 1327 862 aedificii
1357 803 1641 879 reliquum
1675 803 2020 861 dodrantem
2048 802 2188 861 emit

302 904 427 971 HS.
476 922 732 973 nccxxv„
778 902 1178 964 Tusculanum
1233 900 1506 971 venditat,
1552 910 1633 971 ut,
1682 901 1731 960 si
1784 899 1985 977 possit,
2033 908 2191 959 emat

301 1002 653 1066 Pacilianam
682 1002 942 1060 domum.
1010 997 1164 1059 Cum
1192 997 1445 1059 Lucceio
1475 1000 1538 1057 in
1565 998 1808 1075 gratiam
1835 997 1992 1055 redi:
2019 996 2188 1056 video

304 1101 604 1165 hominem
650 1098 817 1159 valde
865 1098 1171 1174 petiturire.
1254 1096 1504 1155 Navabo
1551 1114 1809 1173 operam.
1893 1095 2008 1167 Tu,
2049 1095 2192 1172 quid

304 1216 465 1273 agas,
508 1197 609 1256 ubi
662 1197 760 1268 sis,
804 1197 969 1257 cuius
1021 1195 1184 1254 modi
1237 1196 1384 1255 istae
1431 1214 1522 1254 res
1569 1195 1701 1266 sint,
1741 1194 1836 1254 fac
1876 1212 1971 1253 me
2013 1210 2190 1271 quam

307 1294 741 1373 diligentissime
766 1294 1091 1353 certiorem.
1172 1292 1378 1353 Idibus
1407 1292 1575 1352 Febr.

1715 1474 1720 1478 -
1774 1392 1916 1500 a&

786 1518 842 1573 s.
926 1512 1043 1572 AD
1084 1512 1474 1573 ATTICUM
1513 1512 1561 1571 1.
1613 1516 1699 1574 16.
1784 1493 1826 1531 '⁹‘

617 1620 751 1692 Scri.
798 1631 1019 1692 RonAr.
1059 1631 1270 1691 Mmsn
1309 1632 1480 1692 Maro
1522 1650 1690 1691 A.u.c.
1736 1634 1870 1708 693.

2396 758 2440 788 -a
2461 761 2484 807 ί·

946 1774 1151 1817 CICERO
1194 1774 1410 1815 A‘r‘rlco
1449 1774 1574 1817 SAL..

401 1896 451 1938 r.
494 1876 767 1949 Quartus
798 1893 873 1935 ex
908 1893 1023 1947 me,
1052 1874 1193 1952 quid
1219 1875 1492 1935 acciderit
1519 1875 1592 1934 de
1620 1875 1850 1945 iudici0,
1879 1875 2042 1951 quod
2077 1885 2200 1934 tam·

316 1986 541 2052 praeter
574 1975 916 2051 opinionem
952 1974 1217 2032 omnium
1248 1971 1467 2032 factum
1499 1973 1590 2043 sit,
1623 1982 1681 2030 et
1717 1973 1887 2032 simul
1913 1973 1999 2031 vis
2033 1975 2197 2045 scire,

316 2090 434 2148 quo
473 2071 656 2130 modo
690 2089 814 2146 ego
842 2072 1053 2142 minus,
1082 2087 1260 2147 quam
1294 2069 1533 2139 soleam,
1561 2069 1870 2145 proeliatus
1911 2071 2055 2129 sim:
2109 2088 2199 2130 re-

317 2169 627 2246 spondebo
654 2168 757 2226 tibi
782 2167 1003 2242 ὕστερον
1027 2171 1276 2242 πρότερον
1299 2167 1595 2240 Ὁμηρικῶς.
1661 2166 1798 2243 Ego
1823 2168 1999 2238 enim,
2021 2187 2206 2245 quam*

318 2266 416 2326 diu
446 2275 679 2324 senatus
716 2265 1025 2332 auctoritas
1067 2263 1209 2322 mihi
1239 2263 1608 2324 defendenda
1635 2265 1753 2336 suit,
1785 2266 1869 2325 sic
1907 2267 2118 2326 acriter
2144 2278 2202 2325 et

316 2362 687 2439 yehementer
760 2362 1076 2439 proeliatus
1152 2379 1303 2433 sum,
1359 2374 1423 2421 ut
1488 2363 1710 2424 clamor
1769 2381 2204 2441 concursusque

318 2461 577 2524 maxima
618 2477 755 2518 cum
791 2478 927 2519 mea
965 2459 1141 2520 laude
1183 2461 1424 2526 fierent:
1481 2462 1642 2537 quod
1683 2461 1731 2520 si
1774 2462 1878 2520 tibi
1924 2479 2204 2538 umquam
2268 2453 2328 2545 'ss

321 2576 453 2630 sum
500 2557 658 2618 visus
701 2557 764 2614 in
804 2576 867 2616 re
920 2557 1155 2633 publica
1200 2557 1382 2628 sortiS,
1431 2569 1584 2638 geu-ne
1631 2577 1729 2616 me
1782 2559 1844 2617 in
1890 2558 1986 2616 illa
2027 2577 2207 2618 causa
2307 2548 2325 2562 ⁸

322 2656 639 2716 admiratus
668 2673 868 2727 esses;
920 2671 1055 2714 cum
1084 2655 1241 2714 enim
1268 2655 1361 2713 ille
1389 2648 1471 2712 ad
1507 2657 1812 2714 contiones
1847 2655 2208 2730 confugisset

323 2753 387 2812 in
407 2753 597 2828 iisque
622 2769 765 2810 meo
787 2753 1027 2811 nomine
1056 2737 1131 2811 ad
1151 2753 1426 2810 invidiam
1446 2763 1718 2823 uteretur,
1739 2752 1800 2810 di
1818 2753 2210 2813 immortales!

327 2867 476 2927 quas
504 2865 617 2924 ego
648 2866 877 2926 pugnas
900 2859 959 2906 et
990 2860 1233 2924 quantas
1270 2860 1494 2924 strages
1527 2850 1716 2908 edidil
1772 2866 1924 2925 quos
1959 2850 2210 2928 impetus

328 2945 391 3004 in
436 2944 731 3016 Pisonem,
769 2945 833 3003 in
864 2943 1197 3017 Curionem,
1247 2946 1309 3006 in
1357 2956 1542 3005 totam
1574 2946 1733 3006 illam
1777 2965 2018 3007 manum
2066 2949 2210 3010 fecii

329 3058 452 3118 quo
509 3042 691 3100 modo
748 3059 879 3101 sum
932 3042 1245 3102 insectatus
1292 3043 1583 3102 levitatem
1641 3061 1868 3116 senum,
1915 3046 2214 3106 libidinem

331 3139 673 3198 iuventutis!
715 3155 912 3215 saepe,
950 3139 1029 3198 ita
1068 3158 1167 3198 me
1207 3141 1267 3200 di
1308 3143 1539 3200 iuventl
1585 3137 1642 3201 te
1681 3160 1806 3201 non
1846 3144 2036 3202 solum
2077 3163 2214 3205 auc·

333 3246 523 3296 torem
578 3236 950 3294 consiliorum
1005 3255 1288 3308 meorum,
1343 3256 1541 3298 verum
1596 3239 1772 3299 etiam
1828 3251 2214 3316 spectatorem

335 3349 663 3415 pugnarum
689 3333 1058 3392 mirificarum
1086 3333 1423 3394 desideravi.
1529 3355 1580 3395 2.
1623 3335 1836 3396 Postea
1867 3355 2004 3396 vero
2039 3357 2216 3416 quam

336 3428 692 3494 Hortensius
756 3431 1121 3507 excogitavit,
1182 3441 1246 3491 ut
1304 3432 1497 3510 legem
1545 3434 1620 3495 de
1682 3433 1964 3511 religione
2019 3434 2218 3495 Fufius
