2642 3925
455 251 579 318 266
1009 266 1089 317 Μ.
1142 265 1384 316 TULLII
1424 268 1806 318 crcERoms
2114 249 2254 343 [pm
2282 270 2343 317 r.

450 434 713 493 possum.
796 413 951 475 Cum
980 416 1058 475 ad
1086 434 1210 475 rem
1238 417 1536 493 publicam
1560 417 1920 478 liberandam
1950 419 2187 490 accessi,
2215 418 2341 477 HS.

450 515 592 573 mihi
646 513 753 572 fuit
798 514 1083 590 pecuniae
1129 531 1145 548 ·
1164 532 1301 576 cccc
1319 532 1336 547 ·
1387 515 1656 594 amplius,
1739 515 2000 574 Tantum
2056 516 2239 587 abest,
2281 527 2347 575 ut

451 630 619 672 meae
658 611 741 670 rei
782 610 1078 669 familiaris
1115 610 1362 670 liberum
1404 613 1478 671 sit
1514 613 1849 691 quicquam,
1877 622 1945 671 ut
1983 630 2195 672 omnes
2228 613 2347 671 iam

450 726 618 767 meos
646 709 868 767 amicos
897 726 1031 767 aere
1052 708 1242 767 alieno
1260 709 1687 768 obstrinxerim.
1773 708 2013 785 Septem
2040 727 2349 769 numerum

452 825 609 865 nunc
636 806 934 882 legionum
963 808 1091 878 alo;
1133 824 1251 883 qua
1288 806 1640 881 difficultate,
1670 819 1734 866 tu
1771 808 2086 867 arbitrare:
2128 825 2270 879 non,
2298 810 2350 866 si

451 903 732 963 Varronis
769 905 1074 963 thesauros
1116 905 1410 976 haberem,
1441 906 1753 965 subsistere
1791 907 2047 982 sumptui
2087 924 2346 989 possem.

454 1000 609 1062 Cum
634 1001 889 1078 primum
926 1002 1000 1061 de
1036 1003 1300 1062 Antonio
1336 1002 1706 1078 exploratum
1742 1001 2021 1075 habuero,
2051 1002 2264 1061 faciam
2288 1013 2350 1061 te

454 1101 776 1159 certiorem.
858 1100 959 1162 Tu
1012 1118 1108 1158 me
1152 1101 1377 1160 amabis
1419 1101 1518 1170 ita,
1566 1100 1618 1160 si
1665 1100 1780 1159 hoc
1828 1100 1986 1161 idem
2026 1119 2126 1159 me
2180 1101 2244 1159 in
2290 1111 2351 1159 te

455 1196 645 1257 facere
673 1198 939 1257 senseris..
1017 1214 1103 1258 111.
1132 1195 1293 1258 Non.
1324 1196 1466 1256 Mai.
1496 1214 1571 1257 ex
1600 1198 1823 1269 castris,
1851 1196 2135 1258 Dertona.

802 1356 934 1416 138.
1016 1352 1132 1414 AD
1174 1353 1684 1418 FAMILIARES
1725 1355 1867 1416 XII.
1916 1374 2007 1414 12.

728 1467 860 1529 Sca.
902 1487 964 1527 m
1002 1487 1236 1530 casmrs
1273 1468 1471 1532 Nonis
1510 1468 1693 1532 Mans
1735 1488 1902 1531 A.u.c.
1950 1484 2087 1545 711.

721 1592 775 1636 c..
811 1591 1035 1636 emus
1075 1592 1306 1638 PuocoS.
1348 1592 1397 1636 S.
1434 1593 1493 1636 n.
1535 1593 1599 1638 u·
1641 1593 1912 1638 crcmzom
1951 1594 2078 1635 SUO.

544 1706 594 1748 1.
641 1688 701 1746 S.
728 1705 786 1746 v.
813 1706 866 1746 n.
894 1705 948 1748 r..
975 1705 1027 1746 t.
1058 1704 1115 1755 Q.
1142 1706 1198 1745 v.
1237 1687 1353 1763 legi
1395 1698 1524 1747 tuas
1563 1688 1797 1759 litteras,
1825 1690 1887 1747 in
1914 1691 2125 1766 quibus
2152 1689 2350 1747 mirifi-

460 1804 596 1846 cum
637 1796 801 1843 tuum
842 1803 983 1860 erga
1021 1802 1121 1842 me
1163 1803 1427 1844 amorem
1468 1788 1817 1863 recognovi3
1865 1787 2152 1846 videbaris
2192 1788 2352 1846 enim

458 1873 579 1943 non
609 1884 801 1942 solum
829 1880 1019 1941 favere
1048 1882 1364 1941 nobis—id
1387 1882 1548 1960 quod
1576 1895 1636 1942 et
1662 1897 1863 1944 nostra
1886 1894 1948 1944 et
1974 1886 2058 1944 rei
2085 1884 2351 1963 publicae

460 2000 639 2042 causa
678 1998 910 2056 semper
946 1980 1230 2050 fecisti-,
1274 1982 1382 2040 sed
1424 1984 1598 2041 etiam
1636 2001 1873 2059 gravem
1915 2000 2117 2043 curam
2155 2001 2352 2043 susce·

460 2081 616 2157 pisse
656 2078 1142 2154 vehementerque
1197 2096 1330 2137 esse
1386 2079 1461 2139 de
1526 2083 1699 2140 nobis
1754 2082 2046 2141 sollicitus.
2129 2080 2352 2157 Itaque,

460 2176 622 2255 quod
664 2185 722 2235 te
765 2176 1017 2251 primum
1060 2175 1390 2234 existimare
1435 2180 1731 2253 putabam,
1785 2196 1899 2237 nos
1952 2196 2239 2254 oppressa
2290 2196 2353 2236 re

461 2274 694 2351 publica
721 2272 1018 2347 quiescere
1045 2291 1168 2331 non
1196 2287 1393 2349 posse,
1424 2275 1652 2345 deinde,
1683 2294 1820 2334 cum
1857 2278 2214 2352 suspicarere
2242 2293 2353 2333 nos
2428 2276 2433 2283 ’

462 2370 670 2441 moliri,
698 2370 862 2446 quod
895 2379 955 2428 te
991 2369 1300 2428 sollicitum
1329 2388 1459 2430 esse
1500 2382 1559 2430 et
1600 2371 1675 2430 de
1717 2373 1898 2431 salute
1939 2384 2141 2432 nostra
2181 2383 2240 2432 et
2279 2373 2353 2431 de

462 2484 655 2528 rerum
682 2476 891 2525 eventu
918 2468 1217 2543 putabam,
1246 2468 1417 2526 simul
1457 2487 1527 2529 ac
1555 2470 1819 2544 legiones
1856 2470 2073 2545 accepi,
2102 2486 2255 2545 quas
2278 2470 2349 2527 A.

460 2565 724 2626 Allienus
752 2564 1030 2622 eduxerat
1057 2580 1131 2622 ex
1168 2566 1459 2640 AegyptO,
1492 2567 1697 2642 scripsi
1728 2565 1803 2624 ad
1829 2577 1886 2625 te
1913 2566 2354 2642 tabellariosque

459 2662 790 2739 complures
812 2661 1067 2721 Romam
1097 2661 1263 2732 misi;
1307 2663 1513 2737 scripsi
1541 2664 1715 2721 etiam
1737 2664 1813 2722 ad
1831 2673 2097 2727 senatum
2119 2663 2352 2734 litteras,

458 2779 607 2839 quas
632 2760 794 2819 reddi
822 2761 975 2818 vetui
1015 2759 1193 2836 prius,
1222 2775 1403 2834 quam
1441 2759 1548 2819 tibi
1583 2761 1856 2819 recitatae
1884 2771 2097 2831 essent,
2128 2762 2178 2820 si
2205 2760 2354 2819 sorte

458 2859 574 2917 mei
615 2860 1016 2934 obtemperare
1053 2856 1197 2914 mihi
1237 2857 1563 2917 voluerunt.
1646 2857 1831 2929 Quod
1872 2858 1921 2916 si
1964 2857 2183 2916 litterae
2224 2876 2354 2934 per·

460 2956 609 3015 latae
656 2972 779 3013 non
823 2964 975 3025 sunt,
1023 2972 1146 3013 non
1194 2953 1397 3012 dubito
1441 2954 1582 3029 quin
1624 2953 1949 3026 Dolabella,
1991 2955 2093 3031 qui
2135 2954 2353 3014 nefarie

462 3053 763 3112 Trebonio
807 3053 1007 3111 occiso
1055 3052 1262 3110 Asiam
1302 3051 1628 3127 occupavit,
1671 3051 1999 3110 tabellarios
2039 3068 2210 3110 meos
2251 3050 2353 3109 de·

460 3149 827 3228 prehenderit
863 3149 1193 3225 litterasque
1226 3149 1611 3223 interceperit.
1699 3165 1753 3208 a.
1793 3146 2098 3207 Exercitus
2126 3165 2351 3218 omnes,

461 3247 562 3322 qui
589 3248 649 3304 in
680 3246 843 3323 Syria
880 3246 1127 3317 fuerunt,
1156 3256 1369 3318 tene03
1411 3245 1588 3306 habui
1615 3245 1933 3321 paullulum
1961 3262 2179 3315 morae,
2211 3245 2354 3304 dum

462 3344 752 3418 promissa
792 3344 1065 3401 militibus
1106 3342 1396 3419 persolvo.
1479 3341 1538 3401 N
1541 3361 1657 3401 unc
1699 3343 1816 3401 iam
1861 3361 1992 3402 sum
2030 3343 2350 3419 expeditus

465 3440 523 3497 A
549 3450 604 3498 te
632 3452 788 3515 pete,
811 3450 874 3498 ut
901 3441 1238 3516 dignitatem
1267 3458 1462 3500 meam
1489 3442 1959 3501 commendatam
1987 3440 2090 3498 tibi
2116 3439 2350 3508 habeas,
