2642 3925
290 263 544 350 Ep.129.]
689 276 914 327 EPIST.
959 275 1056 321 AD
1099 273 1553 322 FAMJLJARES
1594 273 1663 353 ξ.
1711 277 1814 346 31,
2056 272 2185 341 255

294 451 351 506 3.
395 429 708 489 Caesarem
745 435 908 499 vero‘,'
931 428 1092 504 quod
1132 445 1228 486 me
1265 427 1329 484 in
1366 434 1529 484 tanta
1567 425 1799 484 fortuna
1830 423 2013 482 modo
2042 441 2185 498 cog-

290 528 478 585 nitum
499 525 1012 584 vetustissimorum
1036 523 1399 582 familiarium
1418 525 1554 583 loco
1582 522 1798 592 habuit,
1822 520 1996 580 dilexi
2025 538 2185 580 sum-1

291 644 390 684 ma
419 642 553 684 cum
587 624 798 700 pietate
823 632 886 682 et
925 623 1060 682 fide.
1145 622 1316 694 Quae
1346 640 1478 681 mea
1506 619 1791 704 sententia
1817 637 2014 694 gerere
2042 617 2183 678 mihi

291 723 469 791 licuit,
497 722 577 781 ita
603 720 730 792 feci,
757 730 822 779 ut
849 721 1108 798 optimus
1136 721 1381 796 quisque
1407 720 1664 778 maxime
1691 717 1979 794 probarit3
2024 716 2185 792 quod

292 821 485 879 iussus
513 836 660 888 sum,
691 835 763 876 eo
792 826 1053 893 tempore
1093 827 1265 893 atque
1293 818 1375 876 ita
1410 817 1538 888 feci,
1566 826 1631 875 ut
1667 824 1970 892 appareret
2007 815 2185 874 invito

292 917 640 992 imperatum
678 933 826 973 esse.
909 912 1090 972 Cuius
1130 915 1266 973 faeti
1301 916 1676 973 iniustissima
1712 913 1925 973 invidia
1958 912 2185 992 erudire

293 1033 391 1073 me
438 1014 642 1090 potuit,
692 1031 868 1088 quam
917 1013 1172 1072 iucunda
1217 1014 1449 1072 libertas
1495 1023 1553 1072 et
1596 1029 1774 1089 quam
1820 1011 2031 1069 misera
2074 1011 2185 1070 sub

295 1111 692 1170 dominatione
737 1111 852 1168 vita
900 1119 1073 1170 esset.
1155 1111 1264 1184 Ita,
1310 1113 1359 1170 si
1390 1112 1471 1170 -id
1518 1111 1721 1187 agitur,
1766 1118 1831 1167 ut
1877 1126 2075 1170 rursus
2122 1109 2184 1166 in

293 1219 581 1286 potestate
634 1209 836 1268 omnia
887 1209 1062 1267 unius
1117 1209 1274 1281 sint,⁸
1305 1210 1659 1285 quicumque
1713 1208 1763 1266 is
1817 1215 1922 1278 est,
1980 1207 2034 1266 ei
2087 1224 2185 1264 me

295 1309 571 1386 profiteor
612 1308 909 1374 inimicum
925 1327 940 1378 ;
992 1326 1103 1367 nec
1144 1308 1463 1384 periculum
1505 1317 1593 1366 est
1634 1307 1831 1376 ullum,
1875 1306 2036 1382 quod
2075 1323 2183 1381 pro

295 1406 554 1464 libertate
622 1417 720 1463 aut
786 1404 1067 1481 refugiam
1135 1416 1235 1464 aut
1305 1406 1599 1481 deprecer.
1684 1423 1742 1477 4.
1786 1402 1904 1462 Sed
1972 1421 2185 1462 consu-

295 1505 380 1566 les
441 1521 633 1580 neque
695 1512 929 1562 senatus
990 1504 1256 1562 consulto
1319 1520 1513 1580 neque
1574 1503 1772 1562 litteris
1836 1503 1955 1562 suis
2019 1519 2187 1578 prae·-

297 1611 571 1676 ceperant
619 1600 796 1672 mihi,
853 1600 995 1676 quid
1062 1599 1349 1672 facerem;
1420 1619 1568 1659 unas
1629 1602 1787 1660 enim
1846 1612 1983 1678 post
2045 1601 2187 1662 Idus

299 1698 540 1760 Martias
581 1697 819 1756 demum
860 1716 896 1755 a
938 1697 1129 1756 Pansa
1169 1699 1385 1762 litteras
1428 1699 1645 1774 accepi,
1689 1699 1749 1756 in
1794 1700 2008 1774 quibus
2051 1699 2189 1756 hor-

297 1806 449 1857 tatur
483 1814 597 1866 me,
631 1805 696 1856 ut
733 1797 956 1853 senatui
997 1795 1252 1857 scribam
1291 1807 1389 1856 me
1432 1805 1489 1854 et
1531 1798 1845 1855 exercitum
1886 1797 1947 1853 in
1987 1807 2185 1872 potes-

298 1903 415 1953 tate
468 1895 593 1952 eius
652 1893 937 1953 futurum:
1009 1893 1188 1970 quod,
1244 1876 1383 1952 cum
1444 1893 1703 1970 Lepidus
1763 1893 2189 1954 contionaretur

299 2005 473 2069 atque
526 1992 799 2052 omnibus·
863 1988 1157 2050 scriberet
1199 2011 1263 2051 se
1321 1995 1649 2051 consentire
1711 2010 1845 2052 cum
1907 1992 2187 2065 Antonio,

209 2146 220 2160 ,
299 2092 554 2150 maxime
565 2082 580 2087 ”
595 2079 945 2149 contrarium
988 2088 1133 2163 fuit3
1203 2106 1344 2149 nam
1384 2092 1593 2167 quibus
1637 2090 2059 2150 commeatibus
2101 2091 2190 2148 in-

301 2190 417 2247 vito
466 2187 564 2246 illo
611 2204 716 2262 per
762 2186 912 2244 illius
967 2187 1327 2262 provinciam
1380 2188 1643 2264 legiones
1691 2187 2003 2248 ducerem?
2073 2200 2189 2262 aut,

301 2290 352 2347 si
398 2297 588 2345 cetera
633 2277 988 2353 transissem,
1039 2302 1181 2342 num
1232 2287 1408 2344 etiam
1457 2286 1641 2362 Alpes
1688 2290 1953 2361 poteram
2006 2296 2190 2346 trans-

298 2386 508 2456 volare,
537 2400 689 2460 quae
728 2381 1017 2457 praesidio
1058 2383 1211 2441 illius
1253 2385 1564 2442 tenentur?
1646 2384 1821 2443 Adde
1862 2384 1995 2455 hue,
2031 2386 2191 2461 quod

300 2481 533 2560 perferri
588 2480 805 2538 litterae
864 2478 1021 2536 nulla
1076 2479 1422 2539 condicione
1488 2490 1837 2557 potuerunt3
1907 2484 2189 2541 sescentis

299 2581 456 2639 enim
492 2579 635 2638 locis
671 2576 1049 2646 excutiuntur,
1081 2576 1290 2635 deinde
1335 2580 1509 2637 etiam
1552 2581 1871 2638 retinentur
1907 2579 1986 2635 ab
2016 2578 2193 2654 Lepi-

299 2679 380 2737 do
418 2675 710 2735 tabellarii.
795 2685 850 2745 5.
894 2671 1045 2731 Illud
1085 2692 1181 2731 me
1225 2674 1540 2735 Cordubae
1587 2695 1697 2753 pro
1740 2676 2017 2736 contione
2062 2676 2190 2734 dix-

298 2776 414 2835 isse
451 2789 629 2833 nemo
671 2769 901 2829 vocabit
941 2771 1001 2827 in
1044 2770 1303 2843 dubium,
1346 2774 1705 2849 provinciam
1742 2791 1840 2831 me
1880 2773 2039 2843 nulli,
2071 2774 2191 2843 ,nisi

299 2874 398 2949 qui
457 2874 536 2931 ab
597 2880 803 2929 senatu
861 2871 1076 2929 missus
1143 2872 1408 2941 venisset,
1480 2871 1856 2930 traditurum:
1922 2889 2061 2929 nam
2117 2871 2191 2931 de

299 2973 530 3047 legione
566 2968 896 3027 tricensima
931 2968 1214 3027 tradenda
1251 2980 1499 3044 quantas
1537 2970 1941 3027 contentiones
1975 2968 2193 3029 habue-

299 3071 410 3129 rim
437 3067 577 3142 quid
604 3082 718 3141 ego
747 3066 1037 3124 scribam?
1080 3083 1196 3141 qua
1231 3066 1437 3125 tradita
1466 3076 1685 3142 quanto
1722 3083 1831 3143 pro
1859 3084 1923 3125 re
1958 3057 2193 3143 publica

302 3166 578 3225 infirmior
610 3163 834 3222 futurus
873 3162 1095 3235 fuerim,
1135 3164 1264 3239 quis
1300 3164 1574 3238 ignorat?
1616 3163 1726 3223 hac
1762 3164 1923 3221 enim
1958 3163 2192 3239 legione

300 3265 418 3325 noli
466 3264 653 3323 acrius
695 3272 793 3319 aut
840 3261 1163 3336 pugnacius
1213 3261 1526 3336 quicquam
1558 3271 1774 3337 -putare
1823 3279 1970 3319 esse.
2054 3258 2191 3330 Qua

300 3381 364 3421 re
412 3379 546 3419 eum
591 3379 688 3418 me
737 3359 1000 3417 existima
1047 3376 1190 3427 esse,
1234 3358 1335 3435 qui
1381 3360 1633 3433 primum
1682 3357 1843 3433 pacis
1890 3356 2191 3431 cupidissi-

300 3476 434 3519 mus
471 3460 872 3527 sim-omnes
910 3456 1067 3525 enim
1105 3456 1259 3515 cives
1294 3456 1470 3532 plane
1510 3455 1715 3514 studeo
1740 3471 1870 3513 esse
1897 3452 2190 3528 salvos—,
