2642 3925
329 239 417 300 Ep.
457 221 594 305 na]
707 195 970 286 ‘EPrs‘n
1015 234 1116 286 AD
1158 235 1491 285 ATTJCUM
1526 238 1677 294 XVI·
1732 244 1828 286 11.
2088 245 2211 310 247

328 385 599 444 Ciceroni
627 385 778 458 filio;
819 386 1006 444 visum
1036 395 1124 444 est
1151 403 1272 444 non
1301 386 1561 445 ἀνοίκειον.
1646 401 1697 460 5.
1744 386 1835 445 De
1865 386 2100 464 Myrtilo
2130 391 2216 449 di-

325 483 529 542 lucide.
615 482 672 542 O
715 483 914 559 quales
953 493 1018 542 tu
1057 501 1285 560 semper
1320 484 1497 542 istosl
1540 484 1703 542 itane·
1728 485 1790 543 in
1826 483 1902 543 D.
1932 484 2214 547 Brutum?

325 582 386 640 di
411 580 571 640 istis!
655 582 709 639 6.
759 580 892 657 Ego
920 600 1032 652 me,
1062 590 1126 639 ut
1153 582 1513 657 scripseram,
1543 580 1604 638 in
1632 580 2061 657 Pompeianum
2090 603 2214 644 non

324 677 538 748 abdidi,
581 677 770 755 primo
812 679 1267 756 tempestatibus,
1312 679 1523 754 quibus
1566 678 1647 736 nil
1684 680 1949 751 taetrius;
2002 680 2213 742 deinde

324 777 402 834 ab
444 775 768 835 Octaviano
808 776 1065 852 quotidie
1106 776 1345 848 litterae,
1386 787 1450 834 ut
1491 777 1793 852 negotium
1836 778 2211 854 susciperem,

325 872 592 949 Capuam
619 874 893 945 venirem,
915 875 1120 932 iterum
1148 891 1272 933 rem
1297 875 1597 951 publicam
1626 874 1930 948 servarem,
1956 875 2213 935 Romam

323 973 521 1049 utique
548 963 761 1032 staiim.

646 1089 867 1140 αἴδεσθεν
887 1091 979 1153 μὲν
999 1091 1276 1154 ἀνήνασθαι,
1298 1095 1463 1144 δεῖσαν
1484 1093 1527 1144 δ’
1544 1092 1821 1157 ὑποδέχθαι.

321 1202 382 1261 Is
419 1211 617 1261 tamen
652 1203 770 1278 egit
807 1220 946 1261 sane
985 1212 1215 1263 strenue
1251 1214 1311 1263 et
1343 1206 1463 1282 agit
1478 1225 1494 1278 3
1543 1204 1801 1263 Romam
1839 1203 2031 1264 veniet
2072 1223 2210 1264 cum
2310 1275 2331 1290 .

320 1318 502 1358 manu
532 1318 763 1375 magna,
795 1300 900 1358 sed
938 1311 1026 1359 est
1062 1302 1235 1377 plane
1272 1319 1449 1378 puer:
1492 1313 1655 1382 putat
1692 1312 1959 1360 senatum
1997 1302 2208 1360 statim.

323 1399 474 1471 Quis
501 1399 733 1456 veniet?
769 1399 821 1456 si
849 1399 1084 1470 venerit,
1114 1400 1244 1474 quis
1269 1400 1500 1459 incertis
1530 1401 1701 1459 rebus
1736 1398 1995 1458 offendet
2021 1399 2207 1458 Anto-
2277 1461 2281 1468 ,

320 1497 527 1555 nium?
605 1495 738 1554 Kal.
782 1495 1010 1554 Ianuar.
1055 1498 1159 1555 erit
1201 1495 1443 1556 sortasse
1483 1497 1789 1574 praesidiO,
1830 1507 1928 1554 aut
1968 1498 2206 1574 quidem

317 1603 455 1652 an'te
502 1593 943 1669 depugnabitur.
1039 1594 1231 1653 Puero
1271 1595 1589 1671 municipia
1630 1595 1775 1652 mire
1817 1593 2045 1667 favent3
2102 1596 2209 1654 iter

318 1692 475 1750 enim
524 1689 744 1748 faciens
791 1690 852 1747 in
909 1688 1211 1748 Samnium
1265 1692 1423 1750 venit
1479 1691 1668 1761 CaleS,
1712 1691 1926 1752 mansit
1975 1693 2204 1752 Teani:

317 1788 558 1847 mirifica
584 1789 867 1869 ἀπάντῃσις
893 1796 952 1845 et
980 1787 1320 1847 cohortatio,
1407 1788 1545 1848 Hoc
1576 1799 1638 1847 tu
1666 1789 1943 1865 putares?
1984 1791 2066 1847 ob
2093 1790 2205 1849 hoc

317 1906 432 1965 ego
463 1886 627 1945 citius
657 1885 932 1957 Romam,
960 1903 1137 1960 quam
1166 1886 1602 1945 constitueram·
1686 1885 1871 1944 Simul
1898 1896 1955 1944 et
1989 1888 2205 1945 consti·

316 1999 497 2055 tuer0,
527 1983 793 2043 scribam.
880 1995 933 2057 7.
976 1982 1102 2041 Etsi
1129 1983 1394 2042 nondum
1429 1984 1829 2060 stipulationes
1866 1984 2206 2059 legeram—

316 2102 428 2141 nec
470 2084 626 2141 enim
665 2079 818 2139 Eros
859 2091 1194 2152 venerat—,
1223 2091 1421 2140 tamen
1462 2100 1587 2139 rem
1629 2081 1811 2158 pridie
1853 2079 1996 2138 Idus
2034 2081 2205 2140 velim

317 2181 608 2240 conficiaS.
692 2178 986 2255 Epistolas
1034 2176 1320 2249 Catinam,
1364 2179 1844 2249 Tauromenium,
1891 2178 2205 2255 Syracusas

317 2279 683 2338 commodius
723 2278 946 2335 mittere
986 2287 1210 2352 potero,
1253 2276 1302 2334 si
1343 2276 1609 2336 Valerius
1659 2278 1939 2353 interpres
1985 2276 2063 2335 ad
2110 2296 2205 2337 me

317 2379 557 2438 nomina
584 2375 967 2451 gratiosorum
1006 2375 1294 2450 scripserit
1311 2392 1328 2445 ;
1374 2375 1466 2433 alii
1506 2376 1663 2433 enim
1703 2386 1839 2433 sunt
1876 2376 2034 2446 alias,
2064 2393 2205 2436 nos·

316 2480 498 2553 trique
538 2472 841 2531 familiares
876 2470 992 2530 fere
1029 2472 1352 2531 demortui:
1396 2472 1628 2549 publice
1669 2482 1866 2531 tamen
1906 2474 2125 2550 scripsi,
2154 2478 2204 2535 si

314 2576 397 2635 uti
432 2570 599 2631 vellet
639 2571 722 2628 eis
755 2569 1036 2640 ValeriuS,
1067 2580 1164 2628 aut
1201 2571 1345 2628 mihi
1382 2572 1621 2629 nomina
1658 2572 1925 2650 mitteret.
2012 2574 2067 2629 8.
2110 2570 2204 2629 De

316 2668 648 2749 Lepidianis
688 2666 842 2725 feriis
883 2665 1100 2725 Balbus
1141 2668 1218 2726 ad
1259 2686 1373 2738 me,
1408 2685 1593 2743 usque
1636 2668 1712 2726 ad
1753 2686 1837 2726 m.
1869 2666 2003 2727 Kal.
2084 2666 2204 2727 Ex-

315 2769 594 2845 spectabo
634 2775 762 2823 tuas
803 2764 1035 2835 litteras,
1073 2782 1286 2840 meque
1327 2765 1391 2821 de
1423 2764 1708 2840 Torquati
1748 2764 2050 2840 negotiolo
2092 2766 2203 2824 sci·

313 2880 505 2926 turum
547 2873 707 2940 puto,
794 2860 996 2933 Quinti
1036 2860 1248 2919 litteras
1291 2861 1368 2919 ad
1409 2870 1468 2919 te
1508 2862 1657 2931 misi,
1693 2870 1756 2919 ut
1798 2861 1994 2932 scires,
2024 2880 2203 2938 quam

314 2965 478 3023 valde
507 2978 642 3019 eum
670 2967 908 3029 amaret,
929 2974 1108 3033 quem
1134 2959 1293 3017 dolet
1321 2976 1358 3016 a
1385 2972 1443 3017 te
1470 2959 1662 3016 minus
1688 2959 1887 3018 amari.
1957 2959 2202 3032 Atticae,

314 3060 611 3137 quoniam,
641 3056 803 3133 quod
843 3056 1132 3132 optimum
1174 3057 1234 3113 in
1275 3056 1469 3133 pueris
1512 3064 1618 3127 est,
1647 3055 1886 3115 hilarula
1922 3067 2027 3131 est,
2054 3060 2202 3118 meis

314 3157 499 3216 verbis
541 3155 803 3215 suavium
831 3152 938 3210 des
966 3151 1118 3210 volo.
