2642 3925
293 283 381 349 tp.
412 281 496 347 62,
527 271 642 362 ᾖον]
729 285 954 338 Emer.
995 285 1100 334 An
1145 286 1188 334 A
1203 285 1477 336 rrrctm
1513 287 1611 340 tx,
1660 289 1758 342 10.
2048 285 2171 358 151

289 441 524 500 venerit.
609 439 702 502 De
745 440 1050 502 Lanuvino
1090 442 1300 512 statim,
1326 451 1393 501 ut
1433 441 1623 502 audivi
1664 440 1979 500 Phameam
2016 441 2179 500 mord

288 547 474 608 tuum,
523 538 736 615 optavi,
783 539 834 598 si
887 539 1070 598 modo
1112 550 1268 600 esset
1318 539 1510 600 futura
1554 557 1649 598 res
1702 537 1953 616 publica,
1993 547 2060 597 ut
2110 536 2175 596 id

289 633 496 711 aliquis
523 651 806 707 meorum,
836 653 1028 712 neque
1064 645 1262 696 tamen
1287 637 1365 696 de
1393 647 1468 708 te,
1497 636 1599 713 qui
1626 636 1882 694 maxime
1908 651 2073 693 meus
2097 652 2173 704 es,

287 731 572 806 cogitavi3
632 733 890 794 sciebam
935 732 1094 791 enim
1141 743 1200 792 te
1245 743 1429 810 quoto
1476 749 1637 792 anno
1679 743 1741 794 et
1784 740 2071 808 quantum
2111 730 2175 788 in

289 828 417 887 solo
445 827 631 886 solere
660 847 952 906 quaerere,
982 848 1172 905 neque
1199 830 1391 889 solum
1430 829 1677 900 Romae,
1704 829 1808 890 sed
1836 828 2014 886 etiam·
2040 825 2180 886 Deli

287 935 452 984 tuum
489 925 786 1000 digamma
820 926 1109 985 videram:
1149 945 1348 986 verum
1388 938 1586 986 tamen
1622 945 1740 1002 ego
1780 925 1936 995 illud,
1969 941 2175 1002 quam·

289 1039 466 1098 quam
517 1034 606 1080 est
658 1023 893 1093 bellurn,
936 1024 1178 1084 minoris
1231 1025 1496 1096 aestimo,
1542 1043 1721 1101 quam
1764 1023 2175 1083 aestimabatur

289 1117 633 1177 Marcellino
693 1119 951 1191 consule,
1009 1138 1142 1180 cum
1205 1139 1320 1196 ego
1364 1121 1535 1190 ,istos
1603 1117 1893 1187 hortulos
1932 1127 2175 1196 propter

290 1215 536 1290 domum
573 1217 734 1275 Antii
767 1235 945 1292 quam
986 1227 1109 1276 tum
1146 1217 1452 1288 habebam,
1482 1218 1851 1280 iucundiores
1878 1216 2020 1276 mihi
2046 1215 2175 1275 fore

290 1313 568 1388 putabam
615 1324 675 1372 et
715 1314 939 1372 minore
989 1315 1272 1389 impensa,
1316 1333 1494 1391 quam
1542 1315 1593 1373 si
1637 1314 2040 1377 Tusculanum
2084 1331 2185 1374 re·-

289 1409 581 1470 fecissem.
662 1409 838 1470 Volui
868 1413 910 1482 †
943 1410 1144 1484 .NSQ.
1225 1409 1341 1487 Egi
1382 1429 1487 1488 per
1526 1411 1819 1488 praedem,
1860 1411 1954 1472 ille
1994 1409 2183 1480 daret,

291 1507 454 1564 Antii
482 1525 616 1566 cum
658 1506 898 1567 haberet
924 1509 1160 1568 venale:
1203 1509 1402 1570 noluit.
1491 1508 1608 1568 Sed
1636 1527 1795 1570 nunc
1830 1509 2030 1569 omnia
2066 1509 2178 1568 ista

289 1604 475 1664 iacere
502 1598 650 1681 puto
678 1615 914 1680 propter
955 1623 1329 1676 nummorum
1356 1607 1669 1666 caritatem.
1751 1605 1898 1666 Mihi
1938 1605 2176 1682 quidem

291 1701 398 1759 erit
425 1702 790 1776 aptissimum
830 1702 920 1762 vel
955 1704 1128 1762 nobis
1163 1704 1375 1778 potius,
1404 1705 1452 1764 si
1494 1712 1558 1762 tu
1594 1704 1821 1764 emeris·
1904 1703 2021 1762 Sed
2048 1702 2177 1762 eius

291 1797 614 1863 dementias
644 1816 782 1858 cave
810 1809 1192 1860 contemnas:
1231 1800 1396 1859 valde
1426 1809 1514 1859 est
1540 1810 1865 1859 venustum.
1949 1785 2177 1870 Quam·

291 1913 468 1973 quam
522 1895 664 1957 mihi
718 1896 828 1956 ista
882 1897 1080 1956 omnia
1135 1897 1251 1962 iam
1305 1897 1537 1956 addicta
1591 1896 1839 1956 vastitati
1893 1895 2175 1957 videntur..

292 1993 599 2071 Respondi
640 1994 900 2069 epistolis
938 1994 1137 2065 tribus,
1180 1994 1286 2060 sed
1326 2007 1604 2071 exspecto
1645 1994 1821 2065 alias;
1892 2012 2031 2055 nam
2078 2011 2176 2055 me

293 2091 484 2151 adhuc
511 2100 646 2149 tuae
673 2091 890 2149 litterae
919 2100 1327 2151 sustentarunt.
1409 2090 1487 2149 D.
1508 2090 1883 2151 Liberalibus⁸

727 2251 824 2307 63.
908 2246 1022 2306 AD
1061 2244 1451 2307 ATTICUM
1494 2245 1602 2306 IX.
1652 2264 1743 2305 10.

447 2361 576 2425 Sca.
619 2381 682 2425 m
723 2362 1034 2425 Formumo
1074 2383 1130 2424 A.
1152 2382 1210 2424 n.
1253 2382 1347 2427 xv-
1390 2362 1717 2425 KAmeAs
1757 2362 2015 2425 Aramis

1059 2479 1230 2522 A.u.c.
1275 2476 1411 2537 705.

921 2582 1127 2627 cremo
1169 2584 1384 2627 unco
1422 2584 1547 2627 sar.-

385 2697 434 2739 1.
475 2678 661 2739 Num.
695 2678 1004 2751 habebam,
1032 2681 1190 2757 quod
1231 2682 1575 2752 scriberem3
1619 2696 1811 2756 neque
1846 2676 2005 2737 enim
2040 2678 2177 2737 novi

221 2762 228 2770 ⁹
294 2778 606 2854 quicquam
627 2776 922 2837 audieram
949 2786 1008 2837 et
1035 2777 1110 2837 ad
1137 2786 1266 2837 tuas
1287 2769 1497 2837 ornnes
1524 2779 1931 2852 rescripseram
1958 2775 2177 2851 pridie3

295 2875 417 2945 sed,
447 2891 578 2933 cum
607 2892 704 2933 me
732 2874 1036 2947 aegritudo
1063 2892 1186 2933 non
1215 2875 1405 2935 solum
1448 2892 1661 2935 somno
1687 2874 1947 2950 privaret,
1977 2889 2179 2931 verum

294 2990 371 3030 ne
399 2970 635 3047 vigilare
676 2970 914 3046 quidem
957 2971 1083 3029 sine
1124 2989 1356 3031 summo
1399 2972 1599 3031 dolore
1642 2979 1947 3046 pateretur,
1976 2976 2177 3029 tecum

295 3078 359 3127 ut
387 3068 554 3144 quasi
582 3067 868 3143 loquerer,
895 3067 955 3125 in
985 3084 1106 3143 quo
1143 3084 1264 3126 uno
1299 3068 1625 3143 acquiesce,
1654 3066 1771 3127 hoc
1808 3066 2009 3127 nescio
2037 3068 2181 3143 quid

294 3165 455 3223 nullo
495 3173 840 3241 argumento
889 3163 1192 3240 proposito
1231 3164 1483 3223 scribere
1536 3164 1769 3223 institui.
1856 3181 1907 3223 a.
1950 3163 2179 3223 Amens

293 3261 434 3330 mihi
463 3261 641 3320 fuisse
667 3261 866 3319 videor
893 3280 928 3320 a
956 3262 1240 3338 principio
1267 3272 1327 3321 et
1359 3280 1454 3320 me
1481 3280 1600 3320 una
1640 3261 1785 3322 haec
1811 3279 1907 3321 res
1932 3270 2177 3336 torquet,

294 3358 455 3437 quod
483 3374 608 3415 non
634 3358 908 3416 omnibus
935 3358 997 3416 in
1025 3358 1198 3417 rebus
1236 3357 1528 3417 labentem
1564 3358 1655 3416 vel
1696 3357 1889 3433 potius
1916 3365 2181 3415 ruentem

295 3454 641 3533 Pompeium
669 3463 969 3529 tamquam
997 3439 1150 3515 unus
1165 3454 1543 3533 manipularis
1568 3464 1802 3514 secutus
1829 3452 1957 3513 sim.
2039 3451 2185 3531 Vidi
