2642 3925
449 248 574 334 256
962 261 1040 314 Μ.
1089 260 1331 310 wrm!
1372 261 1576 309 cmm
1584 261 1747 310 oms
2094 245 2237 332 [rm
2276 261 2342 314 v·

451 418 664 480 deinde
693 419 793 497 qui
822 427 880 478 et
905 437 1002 478 me
1030 429 1088 477 et
1125 437 1250 477 rem
1284 417 1577 494 publicam
1604 417 1894 477 vindicare
1932 417 1992 476 in
2018 416 2343 476 libertatem

448 527 684 596 paratus
725 517 855 576 sim.
941 519 995 574 6.
1043 515 1226 588 Quod
1261 515 1601 574 familiarem
1639 533 1835 574 meum
1864 517 1926 574 in
1962 526 2191 574 tuorum
2229 534 2344 573 nu·-

449 632 615 674 mero
658 614 858 685 habeS,
903 614 1182 690 opinione
1229 623 1329 671 tua
1368 613 1509 670 mihi
1550 614 1766 688 gratius
1807 623 1895 672 est
1911 630 1927 684 ;
1986 614 2218 674 invideo
2259 612 2340 671 illi

449 724 666 783 tamen,
693 711 854 788 quod
891 711 1148 770 ambulat
1184 721 1242 770 et
1278 711 1499 769 iocatur
1534 723 1745 772 tecum.
1828 711 2111 783 QuaereS‚
2142 710 2344 788 quanti

449 812 517 870 id
553 810 894 870 aestimem?
977 808 1042 867 Si
1095 827 1375 885 umquam
1424 809 1643 868 licuerit
1690 810 1877 868 vivere
1931 809 1993 868 in
2047 810 2189 880 otiO,
2239 827 2343 867 ex·-

449 910 721 987 perieris;
761 906 986 965 nullum
1020 907 1180 965 enim
1215 907 1522 982 vestigium
1559 909 1665 966 abs
1702 917 1759 966 te
1799 907 2158 967 discessurus
2190 925 2342 966 sum.

452 1007 606 1066 Illud
624 1006 994 1065 vehementer
1019 1003 1288 1074 admiror,
1312 1022 1434 1062 non
1463 1005 1761 1081 scripsisse
1788 1016 1844 1064 te
1864 1006 2022 1076 mihi,
2045 1003 2344 1064 manendo

451 1107 512 1164 in
539 1104 836 1181 provincia
864 1121 941 1161 an
969 1101 1244 1160 ducendo
1271 1102 1585 1160 exercitum
1613 1103 1673 1161 in
1702 1103 1927 1162 Italiam
1956 1105 2038 1162 rei
2074 1103 2347 1180 publicae

451 1203 640 1278 magis
681 1202 820 1260 satis
860 1200 1050 1259 facere
1091 1199 1349 1276 possim:
1392 1217 1507 1275 ego
1547 1200 1803 1276 quidem,
1832 1203 1939 1260 etsi
1980 1201 2122 1261 mihi
2162 1201 2347 1264 tutius

452 1320 522 1361 ac
561 1301 756 1358 minus
795 1297 1147 1356 laboriosum
1189 1307 1281 1356 est
1319 1315 1573 1368 manere,
1610 1309 1825 1371 tamen,
1852 1299 1991 1376 quia
2031 1299 2201 1358 video
2243 1297 2346 1364 tali

451 1409 717 1474 tempore
763 1395 946 1454 multo
994 1395 1180 1471 magis
1227 1395 1553 1472 legionibus
1601 1415 1753 1472 opus
1801 1415 1932 1456 esse
1979 1415 2158 1472 quam
2206 1413 2347 1472 pro-

453 1495 668 1564 vinciis,
705 1511 856 1571 quae
893 1495 1231 1570 praesertim
1272 1493 1577 1570 reciperari
1615 1494 1776 1553 nullo
1815 1495 2055 1570 negotio
2095 1495 2344 1570 possint,

455 1594 744 1663 constitui,
785 1604 850 1651 ut
891 1611 1049 1652 nunc
1089 1602 1194 1663 est,
1239 1611 1374 1652 cum
1415 1593 1670 1652 exercitu
1718 1593 2028 1669 proficisci.
2110 1592 2345 1652 Deinde

455 1710 529 1751 ex
577 1691 790 1762 litteris,
841 1708 989 1766 quas
1044 1690 1269 1748 Pansae
1323 1689 1473 1761 misi,
1522 1708 1847 1766 cognosces
1901 1690 2140 1761 omnia3
2203 1708 2345 1748 nam

455 1792 560 1852 tibi
587 1807 788 1850 earum
818 1789 1114 1866 exemplar
1139 1789 1286 1848 misi.
1372 1807 1507 1850 xvn.
1538 1789 1671 1850 Kal.
1700 1789 1882 1866 April.
1914 1788 2209 1848 Corduba.

859 1933 990 1991 130.
1075 1927 1190 1989 AD
1231 1927 1737 1990 FAMILIARES
1780 1928 1855 1989 X.
1898 1932 1953 1991 6.

691 2046 825 2109 Sca.
869 2045 1086 2105 Roma
1115 2063 1236 2104 xm.
1279 2044 1435 2104 ΚΑΙ..
1466 2044 1721 2104 Arnrnas
1760 2062 1929 2105 A.U.c.
1972 2057 2113 2121 711.

1161 2170 1368 2213 cxcasso
1406 2168 1645 2211 PLANCO.

551 2278 601 2320 1.
644 2258 822 2333 Qun
863 2259 1091 2320 locutus
1133 2270 1222 2317 est
1261 2258 1510 2317 Furnius
1550 2268 1747 2320 noster
1788 2257 1863 2317 de
1903 2259 2102 2319 animo
2142 2270 2247 2321 tuo
2286 2262 2349 2321 in

464 2378 588 2419 rem
629 2360 940 2435 publicam,
982 2376 1053 2415 ea
1091 2357 1417 2433 gratissima
1470 2355 1703 2415 fuerunt
1744 2358 1969 2416 senatui
2008 2359 2347 2435 populoque

469 2458 742 2517 Romano
770 2454 1212 2530 probatissima3
1255 2473 1407 2531 quae
1433 2466 1625 2513 autem
1653 2456 1920 2514 recitatae
1956 2454 2177 2515 litterae
2217 2468 2351 2517 sunt

467 2559 530 2617 in
586 2563 792 2613 senatu
848 2568 1218 2627 nequaquam
1273 2554 1599 2611 consentire
1654 2571 1789 2615 cum
1842 2553 2043 2613 Furnii
2087 2556 2351 2625 oratione

467 2655 623 2712 visae
667 2659 834 2710 sunt:
895 2650 1056 2725 pacis
1100 2651 1255 2707 enim
1304 2661 1504 2709 auctor
1551 2668 1696 2720 eraS‚
1742 2669 1874 2710 cum
1922 2651 2151 2727 collega
2198 2662 2351 2724 tuus,

394 2789 397 2790 ν
466 2753 551 2811 vir
592 2748 959 2819 clarissimuS,
1003 2766 1038 2806 a
1075 2747 1421 2807 foedissimis
1469 2748 1785 2809 latronibus
1826 2748 2206 2821 obsideretur,
2248 2752 2352 2827 qui

465 2832 580 2909 aut*
597 2847 802 2924 positis
842 2846 1017 2905 armis
1050 2864 1258 2922 pacem
1296 2859 1490 2923 petere
1532 2846 1747 2907 debent
1783 2857 1899 2918 aut,
1932 2848 1980 2905 si
2018 2860 2351 2923 pugnantes

470 2965 601 3007 eam
641 2944 954 3021 postulant,
990 2945 1224 3003 victoria
1263 2962 1399 3021 pax,
1440 2963 1562 3003 non
1603 2945 1877 3021 pactione
1919 2946 2201 3021 parienda
2241 2960 2349 3012 est.

470 3044 587 3105 Sed
617 3044 691 3102 de
719 3061 865 3119 pace
893 3043 1110 3101 litterae
1139 3043 1228 3101 vel
1267 3041 1471 3118 Lepidi
1509 3041 1597 3101 vel
1635 3052 1767 3100 tuae
1804 3059 1982 3117 quam
2020 3043 2081 3101 in
2122 3056 2351 3119 partem

467 3152 742 3218 acceptae
779 3142 906 3210 sint,
938 3160 1012 3199 ex
1036 3142 1160 3201 viro
1196 3142 1437 3216 optimo,
1469 3140 1638 3199 fratre
1674 3149 1793 3208 tue,
1822 3150 1882 3197 et
1918 3158 1991 3199 ex
2030 3138 2101 3199 C.
2129 3141 2349 3205 Furnio

466 3239 694 3315 poteris
721 3254 1096 3311 cognoscere.
1184 3258 1235 3298 2.
1280 3238 1382 3296 Me
1426 3250 1619 3298 autem
1651 3238 1875 3312 impulit
1912 3238 1993 3296 tui
2023 3239 2229 3300 caritas
2266 3253 2352 3313 ut,

469 3351 824 3409 quamquam
884 3351 994 3391 nec
1055 3336 1156 3393 tibi
1215 3334 1327 3411 ipsi
1387 3335 1690 3393 consilium
1750 3334 1979 3394 deesset
2041 3346 2099 3399 et
2164 3337 2352 3401 fratris

467 3429 780 3503 Furniique
829 3430 1228 3489 benevolentia
1269 3431 1566 3509 fidelisque
1610 3434 1917 3511 prudentia
1962 3434 2065 3493 tibi
2110 3448 2351 3513 praesto
