2642 3925
334 276 420 338 Ep.
450 287 557 340 ιη,
583 260 726 343 1150]
797 267 1024 322 EPIST.
1054 273 1154 323 AD
1180 271 1632 324 FAMILIARES·
1654 269 1780 325 XII.
1822 282 1877 328 1.
2098 258 2131 330 a
2140 280 2173 345 3
2183 283 2220 349 5

330 425 494 502 quod
517 435 710 484 tamen
739 445 954 485 munus
982 437 1041 505 et
1058 425 1314 487 hominis
1345 429 1675 487 amicissimi
1703 428 2023 487 memoriae*
2049 427 2221 505 at'q'ue

329 523 655 582 honoribus
698 535 989 601 praestare
1031 526 1206 584 etiam
1247 527 1459 585 mortui
1488 525 1682 598 debui,
1712 536 1768 584 et
1797 527 2053 602 optimae
2096 529 2221 604 spei

332 620 686 679 adulescenti
737 640 805 679 ac
861 623 1202 698 dignissimo
1257 622 1506 682 Caesare
1554 623 1772 699 petenti
1828 641 2044 700 negare
2100 643 2221 684 non

329 719 514 795 potui.
601 733 653 792 7.
683 718 836 778 Veni
859 720 1030 778 etiam
1057 721 1316 779 ’consulis
1338 720 1578 779 Antonii
1601 720 1842 778 domum
1872 738 2045 797 saepe
2074 721 2221 781 salu-

328 816 491 874 tandi
530 835 743 889 causa3
787 817 863 875 ad
909 835 1087 894 quem
1135 819 1232 895 qui
1275 837 1372 877 me
1413 837 1621 896 parum
1664 819 1881 895 patriae
1926 828 2221 878 amantem

329 931 460 972 esse
517 915 844 973 existimant
899 916 1145 992 rogandi
1201 917 1439 993 quidem
1502 915 1715 994 aliquid
1772 927 1899 975 aut·
1926 916 2221 976 auferendi

329 1030 507 1072 causa
547 1009 877 1089 frequentes
918 1014 1194 1073 ventitare
1234 1015 1503 1091 reperies.
1590 1015 1707 1074 Sed
1749 1033 1898 1091 quae
1941 1014 2086 1074 haec
2133 1025 2221 1073 est

329 1110 686 1185 adrogantia,
711 1111 872 1186 quod
901 1109 1118 1170 Caesar
1147 1129 1469 1188 numquam
1499 1113 1891 1189 interpellavit,
1916 1115 2071 1189 quin,
2096 1115 2223 1188 qui·

327 1209 439 1266 bus
468 1207 672 1264 vellem
701 1220 872 1284 atque
902 1209 1075 1266 etiam
1102 1225 1252 1284 quos
1279 1209 1406 1285 ipse
1444 1228 1568 1268 non
1606 1210 1896 1285 diligebat,
1928 1219 2123 1267 tamen
2152 1209 2221 1266 iis

327 1317 532 1376 uterer,
577 1322 695 1375 eos,
743 1304 842 1381 qui
888 1304 1030 1363 mihi
1073 1303 1327 1364 amicum
1376 1307 1721 1384 eripuerunt,
1771 1307 2067 1384 carpendo
2125 1323 2219 1364 me

327 1404 552 1462 efficere
608 1404 822 1474 conari,
879 1421 971 1473 ne,
1027 1420 1180 1479 quos
1229 1403 1415 1475 velim,
1474 1405 1749 1482 diligam?
1834 1409 1885 1465 8.
1933 1404 2048 1463 Sed
2098 1397 2220 1462 non

300 1513 528 1561 'vereor
583 1520 658 1560 ne
711 1511 811 1560 aut
864 1520 1031 1560 meae
1075 1503 1222 1560 vitae
1271 1503 1561 1561 modestia
1613 1523 1819 1580 pamm
1861 1504 2099 1562 valitura
2147 1504 2220 1562 sit

327 1601 386 1658 in
433 1608 730 1676 posterum
768 1609 972 1658 contra
1013 1600 1190 1659 falsos
1229 1619 1507 1671 rumores,
1551 1613 1649 1660 aut
1689 1621 1763 1661 ne
1805 1603 1976 1662 etiam
2019 1602 2075 1673 ii,
2120 1600 2218 1677 qui

326 1716 424 1755 me
466 1715 588 1756 non
631 1711 828 1756 amant
856 1709 1094 1777 propter
1133 1717 1327 1758 meam
1368 1700 1429 1757 in
1458 1698 1771 1759 Caesarem
1814 1700 2216 1768 constantiam,

327 1814 450 1855 non
490 1795 693 1854 malint
735 1798 851 1855 mei
889 1816 1066 1873 quam
1111 1800 1200 1856 sui
1241 1797 1457 1856 similes
1499 1798 1718 1856 amicos
1754 1797 1984 1856 habere.
2069 1798 2218 1856 Mihi

326 1894 566 1974 quidem
607 1896 654 1953 si
697 1905 896 1972 optata
939 1896 1295 1971 contingent,
1326 1896 1489 1973 quod
1525 1895 1808 1971 reliquum
1850 1906 1937 1954 est
1964 1896 2127 1967 vitae,
2157 1899 2217 1955 in

325 1995 447 2052 otio
479 1993 674 2053 Rhodi
713 1994 958 2069 degam:
1007 1995 1097 2053 sin
1137 2012 1305 2052 casus
1345 1994 1551 2070 aliquis
1585 1993 1968 2069 interpellarit,
2002 1996 2079 2060 ita
2116 2015 2217 2056 ero

326 2092 572 2162 Romae,
617 2102 681 2150 ut
721 2104 876 2150 recte
919 2094 1040 2151 fieri
1082 2108 1315 2167 semper
1357 2092 1607 2167 cupiam.
1691 2090 1970 2151 Trebatio
2014 2106 2217 2153 nostro

323 2208 570 2266 magnas
599 2206 712 2265 ago
741 2190 970 2265 gratias,
1002 2190 1162 2266 quod
1192 2200 1355 2248 tuum
1390 2208 1529 2264 erga
1570 2207 1663 2246 me
1703 2190 1960 2247 animum
2002 2192 2217 2270 simpli-

325 2296 455 2345 'cem
497 2298 669 2363 atque
712 2289 962 2347 amicum
1009 2288 1231 2363 aperuit
1273 2297 1332 2345 et
1360 2288 1536 2364 quod
1576 2305 1729 2358 eum,
1768 2306 1943 2364 quem
1986 2308 2219 2367 semper

322 2385 566 2444 libenter
614 2384 802 2457 dilexi,
851 2403 974 2461 quo
1030 2386 1218 2461 magis
1266 2386 1389 2444 iure
1437 2386 1625 2445 colere
1682 2395 1855 2463 atque
1909 2388 2217 2450 observare

322 2482 616 2554 deberem,
646 2480 794 2541 fecit.
881 2481 1043 2541 Bene
1072 2482 1196 2542 vale
1227 2493 1284 2541 et
1311 2501 1408 2542 me
1436 2483 1627 2561 dilige.
2005 2506 2007 2509 ’

693 2642 826 2699 115.
909 2639 1024 2697 AD
1065 2639 1574 2708 FAMILIARES
1615 2641 1754 2701 XII.
1802 2660 1853 2703 1.

625 2735 760 2813 Sea.
799 2771 1074 2813 Exnun‘m
1115 2773 1304 2814 MENSE
1346 2754 1517 2816 ΜΛιο
1558 2773 1729 2816 auc.
1775 2770 1910 2832 710.

971 2878 1178 2920 c1cERo
1219 2880 1412 2922 CAss1o
1452 2880 1576 2922 su..

403 2977 463 3036 ἰ.
503 2973 700 3033 ann
753 2973 974 3031 nullam
1029 2972 1198 3046 facio,
1240 2976 1383 3033 mihi
1439 2976 1627 3049 crede,
1686 2976 1871 3049 Cassi,
1916 2980 1990 3040 de
2043 2990 2102 3042 te
2157 2992 2217 3043 et

323 3072 506 3133 Bruto
548 3080 766 3144 nostr0,
805 3071 865 3129 id
906 3083 994 3131 est
1035 3072 1108 3131 de
1149 3083 1274 3131 tota
1313 3092 1376 3132 re
1417 3075 1666 3150 publica,
1709 3078 2019 3151 cogitandi,
2051 3082 2215 3139 cuius

324 3171 518 3229 omnis
562 3188 697 3246 spes
739 3170 798 3227 in
841 3172 1004 3229 vobis
1047 3182 1134 3232 est
1175 3181 1232 3229 et
1273 3172 1335 3229 in
1376 3171 1449 3231 D.
1494 3171 1714 3246 Brut03
1758 3193 1937 3251 quam
1980 3177 2215 3253 quidem

322 3268 441 3327 iam
482 3268 672 3326 habeo
722 3267 846 3343 ipse
894 3268 1210 3341 meliorem,
1261 3289 1323 3328 re
1372 3272 1606 3347 publica
1651 3290 1688 3329 a
1729 3271 2035 3331 Dolabella
2083 3291 2216 3333 meo

323 3365 777 3444 praeclarissime
827 3376 1033 3441 gesta:
1075 3368 1351 3426 manabat
1394 3370 1550 3427 enim
1596 3368 1737 3427 illud
1786 3369 2003 3427 malum
2045 3372 2214 3429 urba·-

322 3482 469 3523 num
517 3473 576 3522 et
619 3463 698 3522 ita
743 3463 1239 3524 conroborabatur
1283 3464 1558 3541 quotidie,
1603 3476 1667 3524 ut
1709 3483 1824 3542 ego
1872 3467 2107 3544 quidem
2155 3478 2215 3527 et
