2642 3925
432 257 516 318 42
985 249 1064 301 Μ.
1109 248 1353 299 Tuan
1393 250 1772 299 ctcssnoms
2112 238 2253 321 [pan
2271 253 2313 301 1.·

435 408 513 468 ad
552 406 626 480 Q.
671 406 912 467 Publicii
953 415 1205 466 statuam
1252 406 1550 467 decretum
1595 416 1700 477 est,
1741 413 2112 483 erogaretur:
2154 405 2316 485 quod

434 523 547 582 ego
588 516 649 565 te
688 515 746 565 et
784 522 933 582 rogo
975 514 1033 564 et
1073 504 1390 576 admoneo,
1428 523 1504 563 ne
1546 505 1673 563 talis
1713 505 1815 563 viri
1857 515 2093 583 tamque
2134 505 2318 564 nostri

436 604 743 663 necessarii
769 602 1057 662 honorem
1086 603 1269 661 minui
1296 620 1404 678 per
1427 612 1486 661 te
1513 612 1611 661 aut
1631 603 1897 678 impediri
1915 603 2071 662 velis
2143 602 2316 661 Prae·

435 712 593 760 terea
616 700 839 777 Aesopi
879 694 1214 779 [tragoedi],
1243 700 1427 758 nostri
1465 698 1774 771 familian’S,
1803 699 2060 760 Licinius
2097 718 2313 770 servus,

435 798 539 858 tibi
565 808 757 869 notus,
786 797 1042 873 aufugit:
1084 796 1136 855 is
1162 796 1410 855 Athenis
1438 797 1596 872 apud
1623 795 1937 856 Patronem
1964 796 2315 872 Epicureum

436 914 544 974 pro
572 896 752 954 libero
781 895 924 967 fuit;
968 894 1103 953 inde
1139 894 1203 952 in
1236 893 1441 953 Asiam
1478 894 1649 953 venit.
1732 893 1948 953 Postea
1984 894 2150 953 Plato
2189 895 2315 971 qui-

437 994 576 1054 dam
605 992 937 1063 Sardianus,
965 992 1304 1068 EpicureuS,
1334 992 1435 1068 qui
1462 991 1709 1051 Athenis
1737 992 1888 1052 solet
1912 1010 2043 1052 esse
2070 991 2316 1050 multum

437 1104 495 1152 et
520 1093 621 1169 qui
647 1101 771 1152 tum
796 1092 1042 1151 Athenis
1078 1091 1281 1161 fuerat,
1310 1109 1447 1150 cum
1484 1090 1741 1150 Licinius
1778 1108 1853 1151 eo
1891 1092 2153 1163 venisset,
2182 1109 2319 1150 cum

438 1208 574 1250 eum
605 1189 908 1266 fugitivum
944 1207 1072 1248 esse
1113 1199 1320 1265 postea
1361 1207 1436 1248 ex
1475 1188 1701 1265 Aesopi
1740 1189 1939 1249 litteris
1980 1199 2316 1265 cognosset,

440 1288 740 1347 hominem
776 1283 1214 1363 comprehendit
1247 1296 1305 1345 et
1342 1286 1405 1345 in
1438 1287 1766 1346 custodiam
1807 1286 2028 1364 Ephesi
2069 1287 2319 1357 tradidit,

442 1386 546 1445 sed
573 1387 634 1443 in
659 1385 952 1461 publicam
979 1402 1058 1443 an
1083 1385 1145 1442 in
1173 1384 1480 1460 pistrinum
1514 1402 1640 1444 non
1672 1384 1811 1443 satis
1850 1403 1924 1444 ex
1963 1385 2161 1444 litteris
2198 1385 2324 1443 eius

442 1482 770 1558 intellegere
823 1481 1151 1557 potuimus:
1208 1490 1289 1551 tu,
1347 1498 1588 1557 quoquo
1644 1480 1827 1540 modo
1881 1491 1988 1552 est,
2043 1481 2325 1558 quoniam

444 1579 665 1656 Ephesi
684 1588 787 1649 est,
804 1577 1102 1637 hominem
1123 1578 1431 1654 investiges
1460 1578 1629 1637 velim
1659 1595 2001 1656 summaque
2031 1579 2327 1655 diligentia

442 1678 532 1735 vel
558 1687 753 1735 tecum
780 1675 1051 1735 deducas.
1122 1674 1262 1735 Noli
1290 1684 1572 1752 spectare,
1593 1676 1796 1751 quanti
1823 1675 2004 1736 homo
2029 1676 2103 1735 sit
2117 1696 2133 1748 ;
2164 1677 2326 1753 parvi

444 1776 600 1835 enim
652 1775 820 1851 pretii
875 1783 977 1845 est,
1023 1773 1123 1850 qui
1179 1774 1297 1831 iam
1352 1773 1513 1831 nihili
1568 1785 1689 1844 est;
1747 1774 1853 1833 sed
1907 1782 2072 1833 tanto
2123 1774 2326 1833 dolore

443 1874 714 1948 Aesopus
740 1881 830 1931 est
857 1871 1118 1930 adfectus
1146 1880 1387 1947 propter
1415 1871 1560 1930 servi
1594 1871 1782 1931 scelus
1821 1882 1880 1930 et
1917 1872 2234 1942 audaciam,
2262 1882 2329 1931 ut

443 1972 582 2031 nihil
637 1972 689 2031 ei
744 1971 961 2046 gratius
1014 1968 1206 2031 facere
1259 1970 1472 2047 possis,
1501 1973 1706 2047 ‘quam
1769 1970 1821 2029 si
1879 1971 2040 2029 illum
2103 1989 2209 2048 per
2269 1980 2330 2031 te

443 2070 811 2145 recuperarit.

525 2166 599 2223 V.
651 2179 741 2238 15.
784 2165 960 2224 Nunc
986 2184 1057 2224 ea
1082 2183 1400 2241 cognosce,
1422 2182 1573 2243 quae
1601 2166 1855 2224 maxime
1883 2175 2164 2243 exoptas:
2203 2184 2332 2226 rem

447 2261 741 2339 publicam
794 2260 1048 2321 funditus
1096 2263 1413 2333 amisimuS,
1460 2263 1605 2322 adeo
1653 2273 1720 2322 ut
1767 2261 1938 2334 Cato,
1985 2264 2331 2324 adulescens

448 2357 656 2418 nullius
700 2358 941 2427 consilii,
983 2358 1089 2417 sed
1131 2369 1328 2417 tamen
1375 2359 1516 2418 civis
1566 2360 1872 2421 Romanus
1920 2370 1980 2420 et
2024 2359 2192 2434 Cato,
2236 2362 2333 2420 vix

448 2457 609 2515 vivus
654 2455 951 2531 effugeret,
991 2454 1171 2531 quod,
1220 2472 1357 2514 cum
1406 2454 1728 2516 Gabinium
1776 2457 1851 2517 de
1896 2459 2118 2517 ambitu
2166 2458 2337 2517 vellet

449 2552 758 2630 postulare,
777 2570 967 2628 neque
995 2560 1293 2627 praetores
1323 2552 1528 2612 diebus
1555 2554 1775 2630 aliquot
1800 2555 1944 2614 adiri
1971 2530 2216 2632 possent
2242 2555 2336 2614 vel

451 2659 799 2729 potestatem
839 2650 929 2708 sui
968 2649 1242 2719 facerent,
1281 2649 1343 2708 in
1384 2651 1722 2710 contionem
1757 2653 2021 2712 escendit
2061 2663 2122 2712 et
2161 2652 2335 2712 Pom-

451 2750 649 2826 peium
689 2748 972 2825 privatum
1014 2746 1355 2807 dictatorem
1396 2748 1731 2825 appellavit3
1780 2751 2022 2828 propius
2063 2751 2206 2809 nihil
2247 2760 2338 2811 est

451 2848 685 2919 factum,
734 2865 912 2924 quam
960 2855 1031 2910 ,ut
1085 2846 1463 2906 occideretur.
1545 2847 1638 2905 Ex
1691 2848 1822 2920 hoc,
1869 2850 1969 2925 qui
2019 2851 2099 2909 'sit
2154 2859 2338 2909 status

454 2947 628 3005 totius
682 2946 765 3004 rei
818 2944 1100 3020 publicae,
1159 2943 1353 3002 videre
1407 2954 1596 3020 poteS.
1694 2946 1784 3004 16.
1833 2944 2086 3005 Nostrae
2141 2956 2340 3006 tamen

456 3060 668 3101 causae
719 3058 844 3100 non
895 3043 1160 3101 videntur
1216 3040 1485 3100 homines
1540 3041 1819 3101 defuturi:
1890 3044 2221 3103 mirandum
2277 3046 2339 3103 in

454 3140 701 3199 modum
753 3139 1109 3216 profitentur,
1158 3138 1411 3198 offerunt
1466 3157 1547 3208 se,
1597 3141 1962 3215 poUicentur.
2047 3142 2341 3218 Equidem

457 3256 592 3299 cum
636 3255 745 3314 spe
791 3254 922 3295 sum
969 3238 1238 3307 maxima,
1287 3246 1413 3295 tum
1458 3239 1679 3296 maiore
1726 3239 1902 3297 etiam
1949 3240 2166 3311 animo,
2216 3258 2342 3316 spe,

459 3336 783 3411 superiores
810 3334 934 3393 fore
962 3351 1091 3404 noS,
1120 3335 1336 3406 anim0,
1364 3342 1430 3394 ut
1456 3335 1518 3392 in
1546 3334 1654 3394 hac
1680 3353 1745 3394 re
1770 3336 2003 3411 publica
2030 3355 2107 3395 ne
2140 3355 2344 3396 casum

462 3433 698 3508 quidem
724 3431 906 3490 ullum
934 3431 1357 3508 pertimescam.
1444 3430 1560 3490 Sed
1587 3442 1783 3491 tamen
1810 3450 1874 3491 se
1900 3450 1992 3492 res
2021 3434 2104 3492 sic
2133 3433 2343 3495 habet:
