2642 3925
278 292 367 356 ερ.
385 276 496 363 ⁶³]
520 289 531 366 '‚
692 288 924 340 uprsr.
966 288 1069 338 AD
1108 288 1445 339 Arrrcvm
1485 289 1585 339 rx,
1634 295 1734 342 10.
2042 285 2166 356 155

273 444 559 522 regnare?
640 443 830 523 Multa
877 445 1136 522 disputas
1181 444 1316 504 huic
1366 445 1686 515 sententiae
1726 443 2162 510 convenientia;

276 545 414 603 inde
444 545 521 603 ad
553 553 877 603 extremum
908 549 923 575 ‘
941 544 1083 621 quid
1119 544 1168 603 si
1186 542 1201 569 '
1230 544 1422 620 inquis
1449 550 1462 575 ‘
1482 541 1740 619 Lepidus
1779 552 1835 600 et
1865 542 2165 601 Volcatius

274 642 624 701 discedunt?
672 631 859 719 plane*
891 643 1084 715 ἀπορῶ.
1168 640 1348 713 Quod
1400 641 1654 700 evenerit
1693 639 1865 716 igitur
1904 648 1963 698 et
2002 638 2165 719 quod

276 739 484 814 egeris„
513 738 575 797 id
602 740 875 813 περσέαν
900 725 1152 814 putabo!
1238 737 1299 798 Si
1326 748 1449 796 tum
1481 738 1790 809 dubitaras,
1819 751 1974 795 nunc
2012 746 2165 795 certe

276 853 402 894 non
439 836 683 907 dubitas»,
712 836 835 895 istis
871 836 1256 895 manentibus·
1345 838 1399 896 8.
1442 834 1670 894 Deinde
1700 836 1759 891 in
1788 835 1916 911 ipsa
1942 834 2082 909 fuga
2109 853 2164 893 v.

278 932 416 992 Kal.
463 915 741 992 Martias:
788 939 804 966 ‘
823 934 1043 992 interea
1098 952 1222 992 non
1278 932 1482 991 dubito
1536 933 1677 1009 quin
1730 931 1793 990 in
1847 931 2169 991 Formiano

277 1049 588 1090 mansurus
626 1031 738 1099 sis;
781 1031 1256 1090 commodissime
1300 1031 1456 1090 enim
1498 1035 1560 1087 τὸ
1599 1032 1798 1101 μέλλον
1835 1030 1913 1088 ibi
1954 1032 2168 1103 καραδο-

279 1128 490 1199 κήσεις.’
558 1128 655 1188 Ad
685 1128 762 1188 K.
786 1129 1045 1199 Martiae,
1074 1148 1209 1188 cum
1238 1128 1333 1187 ille
1360 1128 1628 1205 quintum
1654 1128 1770 1186 iam
1798 1127 1954 1187 diem
1981 1126 2169 1185 Brun-

278 1226 410 1285 disii
449 1236 637 1286 esset:
666 1233 681 1258 ‘
699 1237 824 1286 tum
846 1228 1164 1303 poterimus
1193 1226 1526 1296 deliberare,
1555 1242 1677 1284 non
1706 1225 1921 1285 scilicet
1949 1225 2171 1300 integra

279 1343 362 1393 re,
401 1324 506 1382 sed
545 1335 697 1383 certe
738 1325 931 1384 minus
971 1323 1224 1394 infracta,
1257 1341 1435 1400 quam
1478 1323 1527 1381 si
1568 1341 1685 1381 una
1724 1323 2033 1399 proieceris
2075 1321 2169 1381 te!

280 1422 515 1483 Deinde
564 1441 669 1482 rm.
715 1421 874 1482 Non.
924 1420 1166 1482 Martias
1220 1424 1321 1477 ὑπὸ
1374 1424 1467 1493 τὴν
1518 1423 1685 1494 λῆψιν
1737 1438 1874 1479 cum
1927 1421 2171 1479 breviter

282 1521 582 1594 scriberes,
624 1529 821 1578 tamen
861 1520 1035 1596 ponis
1076 1519 1228 1578 hoc:
1272 1524 1287 1550 ‘
1306 1537 1434 1579 cras
1479 1520 1731 1579 scribam
1773 1518 1941 1594 plura
1990 1530 2047 1577 et
2095 1518 2171 1577 ad

283 1618 518 1687 omnia3
562 1616 676 1680 hoc
717 1626 912 1675 tamen
955 1615 1163 1684 dicam,
1193 1633 1316 1673 non
1358 1616 1651 1691 paenitere
1694 1633 1791 1673 me
1829 1616 2057 1674 ,consilii
2098 1617 2173 1674 de

283 1726 385 1773 tua
422 1714 743 1783 mansione,
772 1723 843 1782 et,
874 1716 1232 1789 quamquam
1275 1730 1492 1788 magna
1534 1712 1931 1783 sollicitudine,
1960 1723 2172 1785 tamen,

286 1812 424 1889 quia
449 1812 642 1869 minus
670 1810 806 1869 mali
832 1820 976 1887 puto
1005 1828 1132 1869 esse
1162 1827 1341 1886 quam
1368 1811 1429 1870 in
1450 1809 1545 1867 illa
1567 1808 1941 1885 profectione,
1960 1827 2173 1868 maneo

287 1909 350 1968 in
386 1908 672 1969 sententia
708 1918 767 1967 et
806 1906 1038 1984 gaudeo
1078 1917 1138 1966 te
1178 1903 1502 1968 mansisse?
1580 1926 1637 1982 9.
1680 1903 1835 1964 Cum
1876 1923 2014 1964 vero
2056 1906 2174 1966 iam

288 2024 534 2082 angerer
580 2015 638 2063 et
684 2005 964 2070 timerem.
1007 2023 1085 2063 ne
1127 2005 1268 2081 quid
1317 2023 1354 2063 a
1393 2021 1489 2068 me
1531 2003 1835 2062 dedecoris
1876 2015 2029 2062 esset
2071 2003 2175 2062 ad-

287 2103 552 2172 missum,
579 2120 662 2162 111.
692 2102 898 2160 Nonas
930 2100 1137 2160 Mart.:
1179 2107 1410 2160 ‘tamen
1451 2111 1509 2160 te
1551 2118 1673 2177 non
1713 2117 1841 2158 esse
1882 2118 2003 2159 una
2041 2105 2176 2160 cum

288 2199 576 2276 Pompeio
620 2218 739 2258 non
782 2198 905 2257 fero
949 2200 1223 2269 moleste;
1283 2208 1489 2274 postea
1529 2198 1577 2256 si
1625 2215 1776 2273 opus
1825 2197 2011 2268 fuerit,
2055 2218 2177 2258 non

289 2298 397 2354 erit
438 2297 682 2366 difficile,
723 2305 781 2355 et
823 2296 916 2366 illi,
960 2314 1199 2372 quoquo
1242 2304 1508 2372 tempore
1550 2294 1666 2364 fiet,
1705 2294 1811 2353 erit
1852 2296 2179 2366 ἀσμίνιστον.

291 2394 409 2454 Sed
437 2392 553 2452 hoc
581 2393 659 2451 ita
696 2391 846 2457 dico,
877 2393 927 2451 si
969 2391 1080 2461 hic,
1111 2410 1230 2468 qua
1265 2392 1488 2450 ratione
1526 2391 1752 2450 initium
1791 2391 1942 2461 fecit,
1972 2393 2179 2451 eadem

289 2505 482 2555 cetera
518 2504 670 2569 aget,
700 2494 942 2565 sincere,
970 2502 1308 2570 temperate,
1338 2492 1665 2568 prudenter,
1694 2491 1859 2551 valde
1886 2493 2083 2551 videro
2120 2504 2180 2555 et

290 2591 709 2652 consideratius
750 2591 972 2649 utilitati
1015 2601 1250 2650 nostrae
1295 2588 1678 2654 consuluero.'
1768 2609 1858 2649 10.
1907 2608 2004 2650 vn.
2039 2590 2179 2649 Idus

290 2689 536 2748 Martias
583 2688 785 2747 scribis
832 2685 1144 2745 Peducaeo
1187 2705 1422 2762 quoque
1471 2698 1675 2746 nostro
1728 2687 1972 2762 probari,
2019 2686 2181 2761 quod

290 2787 552 2864 quietim,
568 2784 732 2843 cuius
757 2783 1067 2842 auctoritas
1097 2784 1346 2842 multum
1374 2784 1530 2859 apud
1560 2802 1656 2842 me
1683 2784 1848 2844 valet.
1932 2782 2044 2842 His
2065 2801 2178 2858 ego

291 2885 406 2944 tuis
446 2882 672 2957 scriptis
712 2899 810 2939 me
853 2881 1143 2950 consolor,
1172 2892 1236 2939 ut
1279 2881 1417 2938 nihil
1461 2899 1499 2938 a
1537 2900 1633 2940 me
1676 2881 1865 2939 adhuc
1908 2880 2180 2939 delictum

291 2971 510 3060 pute'm.
594 2977 692 3039 Tu
718 2978 904 3037 modo
929 2979 1330 3036 auctoritatem
1360 2988 1517 3036 tuam
1547 2977 1877 3036 defendito:
1905 2977 2180 3036 >adversus.

292 3098 390 3138 me
427 3076 569 3136 nihil
602 3094 752 3151 opus
789 3084 895 3143 est,
923 3074 1026 3132 sed
1067 3075 1316 3133 consciis
1356 3093 1504 3150 egeo
1548 3075 1690 3134 aliis.
1770 3073 1921 3151 Eg0,
1952 3076 2000 3133 si
2042 3074 2181 3132 nihil

294 3174 550 3253 peccavi,
580 3172 799 3249 reliqua
826 3171 1066 3230 tuebor:
1095 3171 1171 3229 ad
1199 3189 1269 3229 ea
1295 3180 1359 3229 tu
1387 3182 1443 3230 te
1472 3173 1701 3230 hortare
1729 3182 1786 3230 et
1813 3190 1909 3230 me
1937 3172 2180 3230 omnino

295 3282 394 3331 tua
420 3269 774 3347 cogitatione
803 3268 1028 3327 adiuva.
1113 3265 1231 3326 Hic
1259 3268 1543 3327 nihildum
1581 3270 1654 3328 de
1691 3269 1878 3328 reditu
1915 3268 2181 3329 Caesaris

295 3369 654 3453 audiebatur.
735 3365 868 3441 Ego
906 3365 996 3424 his
1033 3364 1230 3423 litteris
1272 3363 1389 3426 hoc
1430 3374 1626 3425 tamen
1667 3364 1922 3443 profeci:
1964 3366 2183 3444 perlegi

294 3483 503 3531 omnes
532 3475 661 3523 tuas
688 3474 746 3524 et
772 3464 833 3521 in
860 3480 935 3523 eo
962 3463 1237 3541 acquievi.

1273 3679 1312 3690 -„
