<?xml version="1.0" encoding="UTF-8"?>
<!DOCTYPE html PUBLIC "-//W3C//DTD XHTML 1.0 Transitional//EN"
    "http://www.w3.org/TR/xhtml1/DTD/xhtml1-transitional.dtd">
<html xmlns="http://www.w3.org/1999/xhtml" xml:lang="en" lang="en">
 <head>
  <title>
</title>
<meta http-equiv="Content-Type" content="text/html;charset=utf-8" />
  <meta name='ocr-system' content='tesseract 3.04.00' />
  <meta name='ocr-capabilities' content='ocr_page ocr_carea ocr_par ocr_line ocrx_word'/>
</head>
<body>
  <div class='ocr_page' id='page_1' title='image "./mtulliiciceroni00watsgoog_0212.png"; bbox 0 0 2642 3925; ppageno 0'>
   <div class='ocr_carea' id='block_1_1' title="bbox 485 244 2365 338">
    <p class='ocr_par' dir='ltr' id='par_1_1' title="bbox 485 244 2365 338">
     <span class='ocr_line' id='line_1_1' title="bbox 485 244 2365 338; baseline -0.004 -18"><span class='ocrx_word' id='word_1_1' title='bbox 485 255 606 337; x_wconf 83' lang='lat'>196</span> <span class='ocrx_word' id='word_1_2' title='bbox 1019 264 1100 316; x_wconf 78' lang='lat' dir='ltr'>M.</span> <span class='ocrx_word' id='word_1_3' title='bbox 1151 264 1391 314; x_wconf 74' lang='grc' dir='ltr'>Τυιιιι</span> <span class='ocrx_word' id='word_1_4' title='bbox 1432 264 1639 314; x_wconf 70' lang='lat' dir='ltr'>clem</span> <span class='ocrx_word' id='word_1_5' title='bbox 1646 264 1810 312; x_wconf 77' lang='lat' dir='ltr'>oms·</span> <span class='ocrx_word' id='word_1_6' title='bbox 2108 244 2247 338; x_wconf 70' lang='lat' dir='ltr'>[Pars</span> <span class='ocrx_word' id='word_1_7' title='bbox 2278 263 2365 312; x_wconf 73' lang='grc' dir='ltr'>ιν.</span> 
     </span>
    </p>
   </div>
   <div class='ocr_carea' id='block_1_2' title="bbox 429 412 2385 3543">
    <p class='ocr_par' dir='ltr' id='par_1_2' title="bbox 429 412 2385 3543">
     <span class='ocr_line' id='line_1_2' title="bbox 475 412 2365 490; baseline -0.002 -16"><span class='ocrx_word' id='word_1_8' title='bbox 475 415 676 475; x_wconf 88' lang='lat' dir='ltr'>litteris</span> <span class='ocrx_word' id='word_1_9' title='bbox 715 413 1066 475; x_wconf 83' lang='lat' dir='ltr'><strong>maluissem.</strong></span> <span class='ocrx_word' id='word_1_10' title='bbox 1151 412 1347 485; x_wconf 90' lang='lat' dir='ltr'>Nunc,</span> <span class='ocrx_word' id='word_1_11' title='bbox 1376 422 1440 472; x_wconf 90' lang='lat' dir='ltr'>ut</span> <span class='ocrx_word' id='word_1_12' title='bbox 1480 431 1671 490; x_wconf 88' lang='lat' dir='ltr'>spero,</span> <span class='ocrx_word' id='word_1_13' title='bbox 1708 413 1871 472; x_wconf 87' lang='lat' dir='ltr'>brevi</span> <span class='ocrx_word' id='word_1_14' title='bbox 1912 413 2327 490; x_wconf 82' lang='lat' dir='ltr'>gratulabimur</span> <span class='ocrx_word' id='word_1_15' title='bbox 2340 432 2365 483; x_wconf 85' lang='lat'>;</span> 
     </span>
     <span class='ocr_line' id='line_1_3' title="bbox 475 511 2365 590; baseline -0.001 -18"><span class='ocrx_word' id='word_1_16' title='bbox 475 517 671 590; x_wconf 89' lang='lat' dir='ltr'>itaque</span> <span class='ocrx_word' id='word_1_17' title='bbox 693 513 764 571; x_wconf 86' lang='lat' dir='ltr'>in</span> <span class='ocrx_word' id='word_1_18' title='bbox 805 511 959 572; x_wconf 91' lang='lat' dir='ltr'>aliud</span> <span class='ocrx_word' id='word_1_19' title='bbox 999 522 1230 588; x_wconf 89' lang='lat' dir='ltr'>tempus</span> <span class='ocrx_word' id='word_1_20' title='bbox 1271 511 1333 569; x_wconf 92' lang='lat' dir='ltr'>id</span> <span class='ocrx_word' id='word_1_21' title='bbox 1373 521 1782 588; x_wconf 85' lang='lat' dir='ltr'>argumentum</span> <span class='ocrx_word' id='word_1_22' title='bbox 1818 511 2098 588; x_wconf 88' lang='lat' dir='ltr'>epistolae</span> <span class='ocrx_word' id='word_1_23' title='bbox 2140 511 2365 571; x_wconf 89' lang='lat' dir='ltr'>differo.</span> 
     </span>
     <span class='ocr_line' id='line_1_4' title="bbox 482 607 2371 688; baseline 0 -18"><span class='ocrx_word' id='word_1_24' title='bbox 482 633 535 671; x_wconf 87' lang='lat'>2.</span> <span class='ocrx_word' id='word_1_25' title='bbox 579 611 692 670; x_wconf 92' lang='lat' dir='ltr'>His</span> <span class='ocrx_word' id='word_1_26' title='bbox 733 621 928 670; x_wconf 79' lang='lat' dir='ltr'>autem</span> <span class='ocrx_word' id='word_1_27' title='bbox 969 611 1166 669; x_wconf 88' lang='lat' dir='ltr'>litteris</span> <span class='ocrx_word' id='word_1_28' title='bbox 1209 607 1469 670; x_wconf 84' lang='lat' dir='ltr'>animum</span> <span class='ocrx_word' id='word_1_29' title='bbox 1512 620 1694 681; x_wconf 88' lang='lat' dir='ltr'>tuum,</span> <span class='ocrx_word' id='word_1_30' title='bbox 1736 628 1921 688; x_wconf 83' lang='lat' dir='ltr'>quem·</span> <span class='ocrx_word' id='word_1_31' title='bbox 1962 611 2203 672; x_wconf 89' lang='lat' dir='ltr'>minime</span> <span class='ocrx_word' id='word_1_32' title='bbox 2256 612 2371 670; x_wconf 81' lang='lat' dir='ltr'>im·</span> 
     </span>
     <span class='ocr_line' id='line_1_5' title="bbox 477 708 2367 785; baseline -0.001 -15"><span class='ocrx_word' id='word_1_33' title='bbox 477 711 747 771; x_wconf 80' lang='lat' dir='ltr'>becinum</span> <span class='ocrx_word' id='word_1_34' title='bbox 791 728 921 769; x_wconf 86' lang='lat' dir='ltr'>esse</span> <span class='ocrx_word' id='word_1_35' title='bbox 967 721 1028 768; x_wconf 90' lang='lat' dir='ltr'>et</span> <span class='ocrx_word' id='word_1_36' title='bbox 1074 709 1250 768; x_wconf 90' lang='lat' dir='ltr'>audio</span> <span class='ocrx_word' id='word_1_37' title='bbox 1290 718 1351 767; x_wconf 89' lang='lat' dir='ltr'>et</span> <span class='ocrx_word' id='word_1_38' title='bbox 1390 725 1578 784; x_wconf 90' lang='lat' dir='ltr'>spero,</span> <span class='ocrx_word' id='word_1_39' title='bbox 1621 708 1728 768; x_wconf 88' lang='lat' dir='ltr'>etsi</span> <span class='ocrx_word' id='word_1_40' title='bbox 1768 727 1893 768; x_wconf 88' lang='lat' dir='ltr'>non</span> <span class='ocrx_word' id='word_1_41' title='bbox 1942 710 2367 785; x_wconf 79' lang='lat' dir='ltr'>sapientissimi,</span> 
     </span>
     <span class='ocr_line' id='line_1_6' title="bbox 483 806 2372 868; baseline 0.001 -2"><span class='ocrx_word' id='word_1_42' title='bbox 483 819 541 867; x_wconf 87' lang='lat' dir='ltr'>at</span> <span class='ocrx_word' id='word_1_43' title='bbox 595 808 930 868; x_wconf 84' lang='lat' dir='ltr'>amicissimi</span> <span class='ocrx_word' id='word_1_44' title='bbox 978 807 1234 866; x_wconf 88' lang='lat' dir='ltr'>hominis</span> <span class='ocrx_word' id='word_1_45' title='bbox 1281 806 1621 865; x_wconf 88' lang='lat' dir='ltr'>auctoritate</span> <span class='ocrx_word' id='word_1_46' title='bbox 1674 806 2139 866; x_wconf 88' lang='lat' dir='ltr'>confirmandum</span> <span class='ocrx_word' id='word_1_47' title='bbox 2192 808 2372 868; x_wconf 89' lang='lat' dir='ltr'>etiam</span> 
     </span>
     <span class='ocr_line' id='line_1_7' title="bbox 482 903 2372 984; baseline -0.001 -18"><span class='ocrx_word' id='word_1_48' title='bbox 482 917 655 984; x_wconf 90' lang='lat' dir='ltr'>atque</span> <span class='ocrx_word' id='word_1_49' title='bbox 710 907 885 965; x_wconf 91' lang='lat' dir='ltr'>etiam</span> <span class='ocrx_word' id='word_1_50' title='bbox 948 915 1128 982; x_wconf 79' lang='lat' dir='ltr'>put03</span> <span class='ocrx_word' id='word_1_51' title='bbox 1197 922 1308 964; x_wconf 90' lang='lat' dir='ltr'>nec</span> <span class='ocrx_word' id='word_1_52' title='bbox 1364 904 1433 962; x_wconf 89' lang='lat' dir='ltr'>iis</span> <span class='ocrx_word' id='word_1_53' title='bbox 1492 903 1730 980; x_wconf 90' lang='lat' dir='ltr'>quidem</span> <span class='ocrx_word' id='word_1_54' title='bbox 1782 905 1988 976; x_wconf 83' lang='lat' dir='ltr'>verbis,</span> <span class='ocrx_word' id='word_1_55' title='bbox 2044 905 2253 982; x_wconf 92' lang='lat' dir='ltr'>quibus</span> <span class='ocrx_word' id='word_1_56' title='bbox 2306 915 2372 964; x_wconf 86' lang='lat' dir='ltr'>te</span> 
     </span>
     <span class='ocr_line' id='line_1_8' title="bbox 481 1001 2373 1078; baseline -0.002 -14"><span class='ocrx_word' id='word_1_57' title='bbox 481 1004 753 1064; x_wconf 86' lang='lat' dir='ltr'>consoler</span> <span class='ocrx_word' id='word_1_58' title='bbox 791 1013 858 1063; x_wconf 89' lang='lat' dir='ltr'>ut</span> <span class='ocrx_word' id='word_1_59' title='bbox 900 1002 1197 1062; x_wconf 85' lang='lat' dir='ltr'>adflictum</span> <span class='ocrx_word' id='word_1_60' title='bbox 1238 1012 1296 1060; x_wconf 92' lang='lat' dir='ltr'>et</span> <span class='ocrx_word' id='word_1_61' title='bbox 1336 1001 1451 1060; x_wconf 90' lang='lat' dir='ltr'>iam</span> <span class='ocrx_word' id='word_1_62' title='bbox 1492 1002 1656 1060; x_wconf 90' lang='lat' dir='ltr'>omni</span> <span class='ocrx_word' id='word_1_63' title='bbox 1696 1019 1801 1078; x_wconf 88' lang='lat' dir='ltr'>spe</span> <span class='ocrx_word' id='word_1_64' title='bbox 1842 1002 2040 1061; x_wconf 88' lang='lat' dir='ltr'>salutis</span> <span class='ocrx_word' id='word_1_65' title='bbox 2081 1004 2373 1074; x_wconf 85' lang='lat' dir='ltr'>orbatum,</span> 
     </span>
     <span class='ocr_line' id='line_1_9' title="bbox 483 1079 2375 1176; baseline -0.002 -13"><span class='ocrx_word' id='word_1_66' title='bbox 483 1104 588 1164; x_wconf 91' lang='lat' dir='ltr'>sed</span> <span class='ocrx_word' id='word_1_67' title='bbox 641 1113 706 1162; x_wconf 88' lang='lat' dir='ltr'>ut</span> <span class='ocrx_word' id='word_1_68' title='bbox 758 1097 910 1172; x_wconf 74' lang='lat' dir='ltr'>eum,</span> <span class='ocrx_word' id='word_1_69' title='bbox 959 1102 1035 1160; x_wconf 92' lang='lat' dir='ltr'>de</span> <span class='ocrx_word' id='word_1_70' title='bbox 1077 1079 1253 1162; x_wconf 66' lang='lat' dir='ltr'>&#39;cuius</span> <span class='ocrx_word' id='word_1_71' title='bbox 1307 1100 1699 1159; x_wconf 84' lang='lat' dir='ltr'>incolumitate</span> <span class='ocrx_word' id='word_1_72' title='bbox 1752 1118 1877 1159; x_wconf 88' lang='lat' dir='ltr'>non</span> <span class='ocrx_word' id='word_1_73' title='bbox 1930 1100 2061 1176; x_wconf 89' lang='lat' dir='ltr'>plus</span> <span class='ocrx_word' id='word_1_74' title='bbox 2108 1101 2375 1160; x_wconf 86' lang='lat' dir='ltr'>dubitem</span> 
     </span>
     <span class='ocr_line' id='line_1_10' title="bbox 482 1196 2375 1278; baseline -0.001 -18"><span class='ocrx_word' id='word_1_75' title='bbox 482 1220 661 1278; x_wconf 91' lang='lat' dir='ltr'>quam</span> <span class='ocrx_word' id='word_1_76' title='bbox 703 1209 762 1259; x_wconf 74' lang='lat' dir='ltr'>te</span> <span class='ocrx_word' id='word_1_77' title='bbox 797 1200 1046 1258; x_wconf 78' lang='lat' dir='ltr'>memini</span> <span class='ocrx_word' id='word_1_78' title='bbox 1095 1199 1356 1258; x_wconf 88' lang='lat' dir='ltr'>dubitare</span> <span class='ocrx_word' id='word_1_79' title='bbox 1404 1198 1479 1256; x_wconf 87' lang='lat' dir='ltr'>de</span> <span class='ocrx_word' id='word_1_80' title='bbox 1526 1216 1676 1256; x_wconf 88' lang='lat' dir='ltr'>mea.</span> <span class='ocrx_word' id='word_1_81' title='bbox 1758 1196 1918 1256; x_wconf 91' lang='lat' dir='ltr'>Nam</span> <span class='ocrx_word' id='word_1_82' title='bbox 1964 1217 2101 1257; x_wconf 90' lang='lat' dir='ltr'>cum</span> <span class='ocrx_word' id='word_1_83' title='bbox 2148 1217 2246 1257; x_wconf 92' lang='lat' dir='ltr'>me</span> <span class='ocrx_word' id='word_1_84' title='bbox 2294 1218 2375 1258; x_wconf 82' lang='lat' dir='ltr'>ex</span> 
     </span>
     <span class='ocr_line' id='line_1_11' title="bbox 481 1295 2377 1376; baseline -0.002 -17"><span class='ocrx_word' id='word_1_85' title='bbox 481 1309 556 1359; x_wconf 88' lang='lat' dir='ltr'>re·</span> <span class='ocrx_word' id='word_1_86' title='bbox 583 1299 818 1376; x_wconf 83' lang='lat' dir='ltr'>publica</span> <span class='ocrx_word' id='word_1_87' title='bbox 858 1297 1214 1375; x_wconf 82' lang='lat' dir='ltr'>expulissent</span> <span class='ocrx_word' id='word_1_88' title='bbox 1253 1296 1310 1368; x_wconf 92' lang='lat' dir='ltr'>ii,</span> <span class='ocrx_word' id='word_1_89' title='bbox 1352 1297 1453 1372; x_wconf 90' lang='lat' dir='ltr'>qui</span> <span class='ocrx_word' id='word_1_90' title='bbox 1500 1295 1658 1354; x_wconf 91' lang='lat' dir='ltr'>illam</span> <span class='ocrx_word' id='word_1_91' title='bbox 1701 1295 1910 1354; x_wconf 91' lang='lat' dir='ltr'>cadere</span> <span class='ocrx_word' id='word_1_92' title='bbox 1956 1314 2130 1373; x_wconf 89' lang='lat' dir='ltr'>posse</span> <span class='ocrx_word' id='word_1_93' title='bbox 2181 1306 2377 1356; x_wconf 88' lang='lat' dir='ltr'>stante</span> 
     </span>
     <span class='ocr_line' id='line_1_12' title="bbox 483 1393 2379 1472; baseline -0.002 -16"><span class='ocrx_word' id='word_1_94' title='bbox 483 1416 580 1456; x_wconf 91' lang='lat' dir='ltr'>me</span> <span class='ocrx_word' id='word_1_95' title='bbox 621 1415 744 1455; x_wconf 87' lang='lat' dir='ltr'>non</span> <span class='ocrx_word' id='word_1_96' title='bbox 786 1404 1071 1472; x_wconf 79' lang='lat' dir='ltr'>putarant,</span> <span class='ocrx_word' id='word_1_97' title='bbox 1113 1393 1353 1453; x_wconf 89' lang='lat' dir='ltr'>memini</span> <span class='ocrx_word' id='word_1_98' title='bbox 1394 1411 1497 1451; x_wconf 88' lang='lat' dir='ltr'>me</span> <span class='ocrx_word' id='word_1_99' title='bbox 1538 1412 1611 1452; x_wconf 84' lang='lat' dir='ltr'>ex</span> <span class='ocrx_word' id='word_1_100' title='bbox 1651 1393 1845 1452; x_wconf 90' lang='lat' dir='ltr'>multis</span> <span class='ocrx_word' id='word_1_101' title='bbox 1884 1394 2227 1470; x_wconf 82' lang='lat' dir='ltr'>hospitibuS,</span> <span class='ocrx_word' id='word_1_102' title='bbox 2271 1396 2379 1471; x_wconf 91' lang='lat' dir='ltr'>qui</span> 
     </span>
     <span class='ocr_line' id='line_1_13' title="bbox 486 1492 2379 1568; baseline -0.001 -15"><span class='ocrx_word' id='word_1_103' title='bbox 486 1495 562 1553; x_wconf 85' lang='lat' dir='ltr'>ad</span> <span class='ocrx_word' id='word_1_104' title='bbox 608 1511 711 1552; x_wconf 89' lang='lat' dir='ltr'>me</span> <span class='ocrx_word' id='word_1_105' title='bbox 749 1511 834 1551; x_wconf 87' lang='lat' dir='ltr'>-ex</span> <span class='ocrx_word' id='word_1_106' title='bbox 873 1493 1029 1564; x_wconf 87' lang='lat' dir='ltr'>Asia,</span> <span class='ocrx_word' id='word_1_107' title='bbox 1065 1493 1132 1551; x_wconf 80' lang='lat' dir='ltr'>in</span> <span class='ocrx_word' id='word_1_108' title='bbox 1173 1510 1292 1568; x_wconf 90' lang='lat' dir='ltr'>qua</span> <span class='ocrx_word' id='word_1_109' title='bbox 1331 1502 1396 1550; x_wconf 92' lang='lat' dir='ltr'>tu</span> <span class='ocrx_word' id='word_1_110' title='bbox 1437 1510 1583 1563; x_wconf 89' lang='lat' dir='ltr'>eras,</span> <span class='ocrx_word' id='word_1_111' title='bbox 1624 1501 1917 1563; x_wconf 89' lang='lat' dir='ltr'>venerant,</span> <span class='ocrx_word' id='word_1_112' title='bbox 1959 1492 2158 1552; x_wconf 91' lang='lat' dir='ltr'>audire</span> <span class='ocrx_word' id='word_1_113' title='bbox 2198 1502 2257 1551; x_wconf 94' lang='lat' dir='ltr'>te</span> <span class='ocrx_word' id='word_1_114' title='bbox 2298 1494 2379 1551; x_wconf 91' lang='lat' dir='ltr'>de</span> 
     </span>
     <span class='ocr_line' id='line_1_14' title="bbox 487 1578 2380 1668; baseline 0 -18"><span class='ocrx_word' id='word_1_115' title='bbox 487 1593 744 1668; x_wconf 89' lang='lat' dir='ltr'>glorioso</span> <span class='ocrx_word' id='word_1_116' title='bbox 786 1601 846 1649; x_wconf 90' lang='lat' dir='ltr'>et</span> <span class='ocrx_word' id='word_1_117' title='bbox 869 1590 1045 1650; x_wconf 69' lang='lat' dir='ltr'>vceleri</span> <span class='ocrx_word' id='word_1_118' title='bbox 1075 1591 1265 1649; x_wconf 87' lang='lat' dir='ltr'>reditu</span> <span class='ocrx_word' id='word_1_119' title='bbox 1295 1607 1438 1649; x_wconf 89' lang='lat' dir='ltr'>meo</span> <span class='ocrx_word' id='word_1_120' title='bbox 1480 1590 1841 1648; x_wconf 87' lang='lat' dir='ltr'>confirmare.</span> <span class='ocrx_word' id='word_1_121' title='bbox 1926 1609 1981 1667; x_wconf 81' lang='lat'>3.</span> <span class='ocrx_word' id='word_1_122' title='bbox 2026 1589 2088 1649; x_wconf 93' lang='lat' dir='ltr'>Si</span> <span class='ocrx_word' id='word_1_123' title='bbox 2127 1600 2185 1650; x_wconf 91' lang='lat' dir='ltr'>te</span> <span class='ocrx_word' id='word_1_124' title='bbox 2227 1578 2380 1650; x_wconf 85' lang='lat' dir='ltr'>ratio</span> 
     </span>
     <span class='ocr_line' id='line_1_15' title="bbox 487 1689 2383 1768; baseline 0 -19"><span class='ocrx_word' id='word_1_125' title='bbox 487 1691 777 1768; x_wconf 85' lang='lat' dir='ltr'>quaedam</span> <span class='ocrx_word' id='word_1_126' title='bbox 827 1690 975 1748; x_wconf 87' lang='lat' dir='ltr'>mira</span> <span class='ocrx_word' id='word_1_127' title='bbox 1028 1689 1263 1748; x_wconf 89' lang='lat' dir='ltr'>Tuscae</span> <span class='ocrx_word' id='word_1_128' title='bbox 1310 1689 1666 1766; x_wconf 82' lang='lat' dir='ltr'>disciplinae,</span> <span class='ocrx_word' id='word_1_129' title='bbox 1713 1707 1891 1766; x_wconf 90' lang='lat' dir='ltr'>quam</span> <span class='ocrx_word' id='word_1_130' title='bbox 1944 1707 1982 1748; x_wconf 85' lang='lat' dir='ltr'>a</span> <span class='ocrx_word' id='word_1_131' title='bbox 2032 1698 2215 1766; x_wconf 90' lang='lat' dir='ltr'>patre,</span> <span class='ocrx_word' id='word_1_132' title='bbox 2265 1708 2383 1749; x_wconf 93' lang='lat' dir='ltr'>no-</span> 
     </span>
     <span class='ocr_line' id='line_1_16' title="bbox 486 1786 2383 1865; baseline 0 -18"><span class='ocrx_word' id='word_1_133' title='bbox 486 1789 768 1847; x_wconf 88' lang='lat' dir='ltr'>bilissimo</span> <span class='ocrx_word' id='word_1_134' title='bbox 819 1797 991 1865; x_wconf 90' lang='lat' dir='ltr'>atque</span> <span class='ocrx_word' id='word_1_135' title='bbox 1039 1787 1264 1863; x_wconf 89' lang='lat' dir='ltr'>optimo</span> <span class='ocrx_word' id='word_1_136' title='bbox 1309 1786 1452 1858; x_wconf 80' lang='lat' dir='ltr'>vire,</span> <span class='ocrx_word' id='word_1_137' title='bbox 1495 1805 1819 1864; x_wconf 52' lang='lat' dir='ltr'>accepera,</span> <span class='ocrx_word' id='word_1_138' title='bbox 1867 1805 1988 1846; x_wconf 92' lang='lat' dir='ltr'>non</span> <span class='ocrx_word' id='word_1_139' title='bbox 2036 1786 2252 1858; x_wconf 88' lang='lat' dir='ltr'>fefellit,</span> <span class='ocrx_word' id='word_1_140' title='bbox 2294 1807 2383 1848; x_wconf 89' lang='lat' dir='ltr'>ne</span> 
     </span>
     <span class='ocr_line' id='line_1_17' title="bbox 487 1883 2384 1965; baseline -0.001 -18"><span class='ocrx_word' id='word_1_141' title='bbox 487 1905 600 1947; x_wconf 87' lang='lat' dir='ltr'>nos</span> <span class='ocrx_word' id='word_1_142' title='bbox 654 1885 888 1965; x_wconf 88' lang='lat' dir='ltr'>quidem</span> <span class='ocrx_word' id='word_1_143' title='bbox 936 1895 1132 1943; x_wconf 88' lang='lat' dir='ltr'>nostra</span> <span class='ocrx_word' id='word_1_144' title='bbox 1177 1883 1453 1943; x_wconf 88' lang='lat' dir='ltr'>divinatio</span> <span class='ocrx_word' id='word_1_145' title='bbox 1500 1883 1669 1950; x_wconf 87' lang='lat' dir='ltr'>fallet,</span> <span class='ocrx_word' id='word_1_146' title='bbox 1718 1903 1896 1963; x_wconf 88' lang='lat' dir='ltr'>quam</span> <span class='ocrx_word' id='word_1_147' title='bbox 1950 1903 2087 1944; x_wconf 90' lang='lat' dir='ltr'>cum</span> <span class='ocrx_word' id='word_1_148' title='bbox 2142 1887 2384 1965; x_wconf 86' lang='lat' dir='ltr'>sapien-</span> 
     </span>
     <span class='ocr_line' id='line_1_18' title="bbox 490 1965 2384 2064; baseline 0.001 -20"><span class='ocrx_word' id='word_1_149' title='bbox 490 1987 844 2046; x_wconf 88' lang='lat' dir='ltr'>tissimorum</span> <span class='ocrx_word' id='word_1_150' title='bbox 885 1965 1140 2043; x_wconf 77' lang='lat' dir='ltr'>virorum</span> <span class='ocrx_word' id='word_1_151' title='bbox 1193 1985 1589 2043; x_wconf 87' lang='lat' dir='ltr'>monumentis</span> <span class='ocrx_word' id='word_1_152' title='bbox 1642 1994 1815 2060; x_wconf 86' lang='lat' dir='ltr'>atque</span> <span class='ocrx_word' id='word_1_153' title='bbox 1870 1987 2195 2064; x_wconf 87' lang='lat' dir='ltr'>praeceptis</span> <span class='ocrx_word' id='word_1_154' title='bbox 2251 1986 2384 2064; x_wconf 88' lang='lat' dir='ltr'>plu-</span> 
     </span>
     <span class='ocr_line' id='line_1_19' title="bbox 488 2081 2384 2159; baseline 0.001 -17"><span class='ocrx_word' id='word_1_155' title='bbox 488 2085 770 2159; x_wconf 90' lang='lat' dir='ltr'>rimoque,</span> <span class='ocrx_word' id='word_1_156' title='bbox 806 2091 873 2141; x_wconf 89' lang='lat' dir='ltr'>ut</span> <span class='ocrx_word' id='word_1_157' title='bbox 912 2092 977 2141; x_wconf 80' lang='lat' dir='ltr'>tm</span> <span class='ocrx_word' id='word_1_158' title='bbox 1017 2082 1144 2155; x_wconf 88' lang='lat' dir='ltr'>scis,</span> <span class='ocrx_word' id='word_1_159' title='bbox 1186 2081 1484 2141; x_wconf 86' lang='lat' dir='ltr'>doctrinae</span> <span class='ocrx_word' id='word_1_160' title='bbox 1524 2082 1734 2152; x_wconf 79' lang='lat' dir='ltr'>studi0,</span> <span class='ocrx_word' id='word_1_161' title='bbox 1773 2093 1896 2139; x_wconf 89' lang='lat' dir='ltr'>tum</span> <span class='ocrx_word' id='word_1_162' title='bbox 1937 2101 2157 2159; x_wconf 89' lang='lat' dir='ltr'>magno</span> <span class='ocrx_word' id='word_1_163' title='bbox 2201 2086 2384 2145; x_wconf 90' lang='lat' dir='ltr'>etiam</span> 
     </span>
     <span class='ocr_line' id='line_1_20' title="bbox 489 2179 2381 2258; baseline 0.002 -20"><span class='ocrx_word' id='word_1_164' title='bbox 489 2199 600 2240; x_wconf 91' lang='lat' dir='ltr'>usu</span> <span class='ocrx_word' id='word_1_165' title='bbox 644 2179 977 2239; x_wconf 81' lang='lat' dir='ltr'>tractandae</span> <span class='ocrx_word' id='word_1_166' title='bbox 1013 2180 1100 2239; x_wconf 80' lang='lat' dir='ltr'>rei</span> <span class='ocrx_word' id='word_1_167' title='bbox 1149 2180 1414 2258; x_wconf 89' lang='lat' dir='ltr'>publicae</span> <span class='ocrx_word' id='word_1_168' title='bbox 1459 2197 1789 2258; x_wconf 86' lang='lat' dir='ltr'>magnaque</span> <span class='ocrx_word' id='word_1_169' title='bbox 1842 2191 2175 2240; x_wconf 88' lang='lat' dir='ltr'>nostrorum</span> <span class='ocrx_word' id='word_1_170' title='bbox 2231 2193 2381 2242; x_wconf 90' lang='lat' dir='ltr'>tem-</span> 
     </span>
     <span class='ocr_line' id='line_1_21' title="bbox 489 2278 2381 2357; baseline 0.002 -19"><span class='ocrx_word' id='word_1_171' title='bbox 489 2296 702 2357; x_wconf 88' lang='lat' dir='ltr'>porum</span> <span class='ocrx_word' id='word_1_172' title='bbox 741 2278 1010 2337; x_wconf 85' lang='lat' dir='ltr'>varietate</span> <span class='ocrx_word' id='word_1_173' title='bbox 1047 2279 1353 2338; x_wconf 85' lang='lat' dir='ltr'>consecuti</span> <span class='ocrx_word' id='word_1_174' title='bbox 1402 2296 1639 2351; x_wconf 75' lang='lat' dir='ltr'>sumus3</span> <span class='ocrx_word' id='word_1_175' title='bbox 1711 2299 1766 2352; x_wconf 85' lang='lat'>4.</span> <span class='ocrx_word' id='word_1_176' title='bbox 1808 2280 1901 2339; x_wconf 90' lang='lat' dir='ltr'>cui</span> <span class='ocrx_word' id='word_1_177' title='bbox 1947 2282 2185 2355; x_wconf 88' lang='lat' dir='ltr'>quidem</span> <span class='ocrx_word' id='word_1_178' title='bbox 2235 2282 2381 2341; x_wconf 88' lang='lat' dir='ltr'>divi-</span> 
     </span>
     <span class='ocr_line' id='line_1_22' title="bbox 429 2366 2381 2453; baseline 0.003 -19"><span class='ocrx_word' id='word_1_179' title='bbox 429 2412 432 2417; x_wconf 97' lang='grc'>-</span> <span class='ocrx_word' id='word_1_180' title='bbox 491 2376 714 2438; x_wconf 86' lang='lat' dir='ltr'>nationi</span> <span class='ocrx_word' id='word_1_181' title='bbox 749 2374 873 2434; x_wconf 84' lang='lat' dir='ltr'>hoc</span> <span class='ocrx_word' id='word_1_182' title='bbox 914 2375 1047 2453; x_wconf 89' lang='lat' dir='ltr'>plus</span> <span class='ocrx_word' id='word_1_183' title='bbox 1093 2375 1458 2448; x_wconf 86' lang='lat' dir='ltr'>confidimus,</span> <span class='ocrx_word' id='word_1_184' title='bbox 1504 2377 1665 2451; x_wconf 90' lang='lat' dir='ltr'>quod</span> <span class='ocrx_word' id='word_1_185' title='bbox 1712 2395 1784 2435; x_wconf 90' lang='lat' dir='ltr'>ea</span> <span class='ocrx_word' id='word_1_186' title='bbox 1831 2395 1944 2436; x_wconf 90' lang='lat' dir='ltr'>nos</span> <span class='ocrx_word' id='word_1_187' title='bbox 1972 2366 2128 2437; x_wconf 77' lang='lat' dir='ltr'>&#39;nihil</span> <span class='ocrx_word' id='word_1_188' title='bbox 2177 2379 2239 2438; x_wconf 90' lang='lat' dir='ltr'>in</span> <span class='ocrx_word' id='word_1_189' title='bbox 2286 2380 2381 2441; x_wconf 91' lang='lat' dir='ltr'>his</span> 
     </span>
     <span class='ocr_line' id='line_1_23' title="bbox 490 2472 2381 2551; baseline 0.003 -18"><span class='ocrx_word' id='word_1_190' title='bbox 490 2485 612 2533; x_wconf 90' lang='lat' dir='ltr'>tam</span> <span class='ocrx_word' id='word_1_191' title='bbox 648 2472 910 2532; x_wconf 89' lang='lat' dir='ltr'>obscuris</span> <span class='ocrx_word' id='word_1_192' title='bbox 944 2473 1118 2531; x_wconf 91' lang='lat' dir='ltr'>rebus</span> <span class='ocrx_word' id='word_1_193' title='bbox 1155 2482 1390 2549; x_wconf 89' lang='lat' dir='ltr'>tamque</span> <span class='ocrx_word' id='word_1_194' title='bbox 1429 2474 1771 2551; x_wconf 87' lang='lat' dir='ltr'>perturbatis</span> <span class='ocrx_word' id='word_1_195' title='bbox 1810 2494 2091 2551; x_wconf 90' lang='lat' dir='ltr'>umquam</span> <span class='ocrx_word' id='word_1_196' title='bbox 2130 2479 2381 2538; x_wconf 90' lang='lat' dir='ltr'>omnino</span> 
     </span>
     <span class='ocr_line' id='line_1_24' title="bbox 495 2570 2383 2647; baseline 0.004 -16"><span class='ocrx_word' id='word_1_197' title='bbox 495 2572 704 2632; x_wconf 90' lang='lat' dir='ltr'>fefellit.</span> <span class='ocrx_word' id='word_1_198' title='bbox 787 2570 1076 2643; x_wconf 87' lang='lat' dir='ltr'>Dicerem,</span> <span class='ocrx_word' id='word_1_199' title='bbox 1117 2589 1266 2647; x_wconf 87' lang='lat' dir='ltr'>quae</span> <span class='ocrx_word' id='word_1_200' title='bbox 1313 2582 1449 2643; x_wconf 85' lang='lat' dir='ltr'>ante</span> <span class='ocrx_word' id='word_1_201' title='bbox 1483 2571 1680 2631; x_wconf 48' lang='lat' dir='ltr'>*futura</span> <span class='ocrx_word' id='word_1_202' title='bbox 1718 2574 2010 2647; x_wconf 89' lang='lat' dir='ltr'>dixissem,</span> <span class='ocrx_word' id='word_1_203' title='bbox 2054 2576 2113 2633; x_wconf 90' lang='lat' dir='ltr'>ni</span> <span class='ocrx_word' id='word_1_204' title='bbox 2154 2596 2383 2638; x_wconf 84' lang='lat' dir='ltr'>vererer</span> 
     </span>
     <span class='ocr_line' id='line_1_25' title="bbox 492 2670 2382 2749; baseline 0.002 -18"><span class='ocrx_word' id='word_1_205' title='bbox 492 2692 569 2731; x_wconf 88' lang='lat' dir='ltr'>ne</span> <span class='ocrx_word' id='word_1_206' title='bbox 610 2689 684 2731; x_wconf 86' lang='lat' dir='ltr'>ex</span> <span class='ocrx_word' id='word_1_207' title='bbox 738 2671 954 2729; x_wconf 84' lang='lat' dir='ltr'>eventis</span> <span class='ocrx_word' id='word_1_208' title='bbox 996 2670 1215 2745; x_wconf 88' lang='lat' dir='ltr'>fingere</span> <span class='ocrx_word' id='word_1_209' title='bbox 1254 2670 1508 2744; x_wconf 76' lang='lat' dir='ltr'>viderer3</span> <span class='ocrx_word' id='word_1_210' title='bbox 1570 2671 1677 2729; x_wconf 88' lang='lat' dir='ltr'>sed</span> <span class='ocrx_word' id='word_1_211' title='bbox 1722 2682 1918 2730; x_wconf 88' lang='lat' dir='ltr'>tamen</span> <span class='ocrx_word' id='word_1_212' title='bbox 1965 2673 2196 2749; x_wconf 90' lang='lat' dir='ltr'>plurimi</span> <span class='ocrx_word' id='word_1_213' title='bbox 2247 2688 2382 2735; x_wconf 92' lang='lat' dir='ltr'>sunt</span> 
     </span>
     <span class='ocr_line' id='line_1_26' title="bbox 492 2757 2379 2846; baseline 0.003 -17"><span class='ocrx_word' id='word_1_214' title='bbox 492 2780 670 2830; x_wconf 85' lang='lat' dir='ltr'>testes</span> <span class='ocrx_word' id='word_1_215' title='bbox 728 2787 826 2828; x_wconf 88' lang='lat' dir='ltr'>me</span> <span class='ocrx_word' id='word_1_216' title='bbox 881 2777 938 2827; x_wconf 91' lang='lat' dir='ltr'>et</span> <span class='ocrx_word' id='word_1_217' title='bbox 996 2757 1178 2837; x_wconf 85' lang='lat' dir='ltr'>initio,</span> <span class='ocrx_word' id='word_1_218' title='bbox 1233 2785 1310 2825; x_wconf 91' lang='lat' dir='ltr'>ne</span> <span class='ocrx_word' id='word_1_219' title='bbox 1367 2769 1745 2845; x_wconf 85' lang='lat' dir='ltr'>coniungeret</span> <span class='ocrx_word' id='word_1_220' title='bbox 1798 2788 1861 2828; x_wconf 90' lang='lat' dir='ltr'>se</span> <span class='ocrx_word' id='word_1_221' title='bbox 1917 2790 2053 2830; x_wconf 93' lang='lat' dir='ltr'>cum</span> <span class='ocrx_word' id='word_1_222' title='bbox 2108 2772 2379 2846; x_wconf 87' lang='lat' dir='ltr'>Caesare,</span> 
     </span>
     <span class='ocr_line' id='line_1_27' title="bbox 493 2865 2383 2947; baseline 0.002 -18"><span class='ocrx_word' id='word_1_223' title='bbox 493 2869 792 2929; x_wconf 89' lang='lat' dir='ltr'>monuisse</span> <span class='ocrx_word' id='word_1_224' title='bbox 831 2866 1195 2942; x_wconf 90' lang='lat' dir='ltr'>Pompeium,</span> <span class='ocrx_word' id='word_1_225' title='bbox 1235 2875 1293 2924; x_wconf 92' lang='lat' dir='ltr'>et</span> <span class='ocrx_word' id='word_1_226' title='bbox 1324 2865 1555 2941; x_wconf 79' lang='lat' dir='ltr'>postea,</span> <span class='ocrx_word' id='word_1_227' title='bbox 1594 2885 1669 2925; x_wconf 88' lang='lat' dir='ltr'>ne</span> <span class='ocrx_word' id='word_1_228' title='bbox 1713 2886 1776 2927; x_wconf 90' lang='lat' dir='ltr'>se</span> <span class='ocrx_word' id='word_1_229' title='bbox 1816 2869 2183 2947; x_wconf 83' lang='lat' dir='ltr'>diiungeret:</span> <span class='ocrx_word' id='word_1_230' title='bbox 2237 2891 2383 2932; x_wconf 92' lang='lat' dir='ltr'>con-</span> 
     </span>
     <span class='ocr_line' id='line_1_28' title="bbox 495 2964 2383 3041; baseline 0.003 -14"><span class='ocrx_word' id='word_1_231' title='bbox 495 2968 791 3027; x_wconf 91' lang='lat' dir='ltr'>iunctione</span> <span class='ocrx_word' id='word_1_232' title='bbox 832 2964 1026 3041; x_wconf 79' lang='lat' dir='ltr'>frangi</span> <span class='ocrx_word' id='word_1_233' title='bbox 1078 2972 1311 3024; x_wconf 86' lang='lat' dir='ltr'>senatus</span> <span class='ocrx_word' id='word_1_234' title='bbox 1360 2982 1523 3041; x_wconf 85' lang='lat' dir='ltr'>opes,</span> <span class='ocrx_word' id='word_1_235' title='bbox 1559 2965 1915 3026; x_wconf 88' lang='lat' dir='ltr'>diiunctione</span> <span class='ocrx_word' id='word_1_236' title='bbox 1960 2970 2122 3029; x_wconf 87' lang='lat' dir='ltr'>civile</span> <span class='ocrx_word' id='word_1_237' title='bbox 2162 2972 2383 3032; x_wconf 89' lang='lat' dir='ltr'>bellum</span> 
     </span>
     <span class='ocr_line' id='line_1_29' title="bbox 497 3063 2381 3142; baseline 0.003 -17"><span class='ocrx_word' id='word_1_238' title='bbox 497 3066 729 3125; x_wconf 86' lang='lat' dir='ltr'>excitari</span> <span class='ocrx_word' id='word_1_239' title='bbox 767 3064 1053 3122; x_wconf 69' lang='lat' dir='ltr'>videbam.</span> <span class='ocrx_word' id='word_1_240' title='bbox 1136 3063 1331 3138; x_wconf 87' lang='lat' dir='ltr'>Atque</span> <span class='ocrx_word' id='word_1_241' title='bbox 1378 3065 1578 3122; x_wconf 87' lang='lat' dir='ltr'>utebar</span> <span class='ocrx_word' id='word_1_242' title='bbox 1624 3064 2062 3126; x_wconf 90' lang='lat' dir='ltr'>familiarissime</span> <span class='ocrx_word' id='word_1_243' title='bbox 2112 3066 2381 3142; x_wconf 88' lang='lat' dir='ltr'>Caesare,</span> 
     </span>
     <span class='ocr_line' id='line_1_30' title="bbox 495 3160 2383 3240; baseline 0.002 -16"><span class='ocrx_word' id='word_1_244' title='bbox 495 3163 845 3240; x_wconf 83' lang='lat' dir='ltr'>Pompeium</span> <span class='ocrx_word' id='word_1_245' title='bbox 879 3161 1167 3219; x_wconf 81' lang='lat' dir='ltr'>faciebam</span> <span class='ocrx_word' id='word_1_246' title='bbox 1209 3160 1471 3237; x_wconf 45' lang='lat' dir='ltr'>plurim&amp;</span> <span class='ocrx_word' id='word_1_247' title='bbox 1528 3162 1634 3221; x_wconf 89' lang='lat' dir='ltr'>sed</span> <span class='ocrx_word' id='word_1_248' title='bbox 1674 3174 1795 3222; x_wconf 89' lang='lat' dir='ltr'>erat</span> <span class='ocrx_word' id='word_1_249' title='bbox 1834 3180 2032 3224; x_wconf 91' lang='lat' dir='ltr'>meum</span> <span class='ocrx_word' id='word_1_250' title='bbox 2074 3169 2383 3228; x_wconf 90' lang='lat' dir='ltr'>consilium</span> 
     </span>
     <span class='ocr_line' id='line_1_31' title="bbox 499 3257 2385 3340; baseline 0.003 -19"><span class='ocrx_word' id='word_1_251' title='bbox 499 3280 634 3321; x_wconf 89' lang='lat' dir='ltr'>cum</span> <span class='ocrx_word' id='word_1_252' title='bbox 689 3260 858 3319; x_wconf 80' lang='lat' dir='ltr'>fidele</span> <span class='ocrx_word' id='word_1_253' title='bbox 909 3257 1215 3333; x_wconf 85' lang='lat' dir='ltr'>Pompeio,</span> <span class='ocrx_word' id='word_1_254' title='bbox 1269 3268 1394 3317; x_wconf 79' lang='lat' dir='ltr'>tum</span> <span class='ocrx_word' id='word_1_255' title='bbox 1456 3259 1703 3332; x_wconf 76' lang='lat' dir='ltr'>salutare</span> <span class='ocrx_word' id='word_1_256' title='bbox 1766 3263 2006 3339; x_wconf 90' lang='lat' dir='ltr'>utrique.</span> <span class='ocrx_word' id='word_1_257' title='bbox 2114 3280 2169 3340; x_wconf 86' lang='lat'>5.</span> <span class='ocrx_word' id='word_1_258' title='bbox 2213 3266 2385 3339; x_wconf 89' lang='lat' dir='ltr'>Quae</span> 
     </span>
     <span class='ocr_line' id='line_1_32' title="bbox 499 3356 2384 3437; baseline 0.006 -21"><span class='ocrx_word' id='word_1_259' title='bbox 499 3368 797 3437; x_wconf 88' lang='lat' dir='ltr'>praeterea</span> <span class='ocrx_word' id='word_1_260' title='bbox 835 3356 1196 3433; x_wconf 87' lang='lat' dir='ltr'>providerim,</span> <span class='ocrx_word' id='word_1_261' title='bbox 1226 3367 1559 3432; x_wconf 77' lang='lat' dir='ltr'>praetere03</span> <span class='ocrx_word' id='word_1_262' title='bbox 1603 3361 1743 3420; x_wconf 89' lang='lat' dir='ltr'>nolo</span> <span class='ocrx_word' id='word_1_263' title='bbox 1785 3362 1941 3420; x_wconf 88' lang='lat' dir='ltr'>enim</span> <span class='ocrx_word' id='word_1_264' title='bbox 1982 3363 2138 3424; x_wconf 90' lang='lat' dir='ltr'>hunc</span> <span class='ocrx_word' id='word_1_265' title='bbox 2176 3366 2251 3425; x_wconf 86' lang='lat' dir='ltr'>de</span> <span class='ocrx_word' id='word_1_266' title='bbox 2287 3385 2384 3427; x_wconf 89' lang='lat' dir='ltr'>me</span> 
     </span>
     <span class='ocr_line' id='line_1_33' title="bbox 502 3455 2382 3543; baseline 0.005 -28"><span class='ocrx_word' id='word_1_267' title='bbox 502 3457 722 3533; x_wconf 82' lang='lat' dir='ltr'>‘optime</span> <span class='ocrx_word' id='word_1_268' title='bbox 775 3455 1043 3514; x_wconf 86' lang='lat' dir='ltr'>meritum</span> <span class='ocrx_word' id='word_1_269' title='bbox 1098 3456 1431 3535; x_wconf 21' lang='lat' dir='ltr'>existimare·</span> <span class='ocrx_word' id='word_1_270' title='bbox 1484 3476 1555 3517; x_wconf 88' lang='lat' dir='ltr'>ea</span> <span class='ocrx_word' id='word_1_271' title='bbox 1608 3476 1704 3518; x_wconf 87' lang='lat' dir='ltr'>me</span> <span class='ocrx_word' id='word_1_272' title='bbox 1765 3462 2013 3523; x_wconf 86' lang='lat' dir='ltr'>suasisse</span> <span class='ocrx_word' id='word_1_273' title='bbox 2078 3463 2382 3543; x_wconf 81' lang='lat' dir='ltr'>PompeiO,</span> 
     </span>
    </p>
   </div>
  </div>
 </body>
</html>
