2642 3925
424 240 517 325 64
545 236 562 247 '
982 250 1062 303 Μ.
1110 250 1356 301 ram
1395 250 1797 304 ctcERoms-
2067 238 2213 325 [Pars
2239 252 2314 307 ιι.

892 558 987 616 25.
1070 554 1186 617 AD
1225 555 1612 616 ATTICUM
1652 556 1759 616 1v.
1803 569 1861 631 5.

618 668 756 735 Sca.
794 688 859 731 m
897 670 1156 729 Aumrr
1195 688 1250 729 v.
1292 670 1433 730 Inus
1472 671 1726 731 Ammts
1763 688 1932 732 A.u.c.
1976 671 2115 747 698.

1059 794 1263 836 crcxno
1304 794 1517 835 unco
1555 794 1678 837 sar..

520 910 571 951 1.
611 892 731 951 Am
782 890 889 949 tu?
945 908 1023 948 an
1062 907 1160 949 me
1198 891 1494 951 existimas
1534 892 1610 949 ab
1650 890 1770 949 ullo
1808 890 1982 951 malle
2021 908 2158 950 mea
2194 890 2316 968 legi

430 989 779 1065 probarique
815 1005 995 1064 quam
1021 1005 1058 1045 a
1084 987 1183 1046 te?
1267 987 1388 1048 Cur
1426 988 1598 1065 igitur
1632 988 1905 1065 cuiquam
1943 989 2076 1047 misi
2115 989 2316 1065 prius?

430 1085 699 1162 Urgebar
726 1086 801 1143 ab
828 1102 921 1154 eo,
962 1084 1039 1143 ad
1065 1102 1241 1160 quem
1266 1086 1416 1155 misi,
1443 1097 1501 1144 et
1527 1102 1650 1144 non
1677 1085 1966 1145 habebam
2001 1085 2316 1163 exemplar.

431 1182 637 1255 Quid?
685 1182 1165 1241 etiam—dudum
1205 1183 1361 1240 enim
1404 1182 1787 1256 circumrodo,
1828 1184 1991 1261 quod
2032 1184 2317 1243 devoran-

431 1281 573 1338 dum
626 1290 714 1339 est
728 1312 810 1323 —
827 1279 1217 1356 subturpicula
1271 1280 1411 1337 mihi
1464 1280 1763 1339 videbatur
1821 1298 1954 1341 esse
2015 1282 2316 1357 παλινῳδία.

433 1377 551 1436 Sed
590 1376 817 1435 valeant
851 1386 1023 1445 recta,
1058 1394 1209 1444 vera,
1243 1374 1492 1435 honesta
1526 1376 1805 1439 consilia:
1847 1393 1970 1439 non
2012 1388 2100 1436 est
2132 1376 2319 1437 credi-

432 1474 563 1545 bile,
593 1492 744 1550 quae
787 1472 861 1532 sit
894 1472 1137 1551 perfidia
1176 1472 1238 1531 in
1278 1473 1402 1531 istis
1435 1473 1806 1550 principibus,
1845 1484 1912 1534 ut
1949 1474 2150 1533 volunt
2184 1493 2318 1535 esse

433 1582 495 1632 et
544 1582 612 1631 ut
664 1580 876 1641 essent,
933 1571 983 1629 si
1036 1570 1348 1646 quicquam
1403 1568 1681 1629 haberent
1733 1570 1886 1632 fidei.
1988 1570 2318 1647 Senseram,

433 1687 642 1728 noram
696 1668 983 1739 inductus,
1030 1666 1277 1739 relictus,
1320 1667 1613 1744 proiectus
1659 1669 1736 1726 ab
1783 1668 1892 1741 iis;
1947 1678 2145 1729 tamen
2198 1669 2320 1731 hoc

434 1786 594 1827 eram
623 1767 835 1837 animo,
864 1775 930 1825 ut
962 1783 1097 1824 cum
1134 1765 1203 1824 iis
1237 1764 1301 1822 in
1326 1783 1390 1824 re
1416 1765 1650 1841 publica
1676 1766 2097 1825 consentirem:
2139 1767 2320 1831 iidem

433 1876 613 1937 erant,
660 1864 760 1941 qui
815 1864 1055 1923 fuerant.
1138 1863 1255 1921 Vix
1310 1846 1625 1939 aliquando
1678 1872 1738 1923 te
1792 1874 2032 1925 auctore
2085 1867 2314 1945 resipui.

440 1985 494 2025 2.
534 1965 713 2025 Dices
756 1983 828 2023 ea
878 1973 1050 2023 tenus
1096 1972 1154 2022 te
1197 1963 1462 2032 suasisse,
1504 1980 1622 2039 qua
1670 1960 1939 2034 facerem,
1981 1981 2104 2022 non
2141 1966 2322 2026 etiam

435 2074 501 2122 ut
542 2063 870 2122 scriberem.
951 2059 1086 2137 Ego
1140 2059 1470 2120 mehercule
1516 2059 1658 2118 mihi
1705 2061 2110 2120 necessitatem
2164 2063 2321 2123 volui

435 2160 738 2237 imponere
768 2158 939 2218 huius
976 2176 1163 2217 novae
1199 2157 1642 2228 coniunctionis,
1673 2175 1750 2217 ne
1790 2175 1910 2233 qua
1943 2160 2088 2218 mihi
2124 2159 2325 2222 liceret

435 2256 555 2315 labi
598 2257 675 2315 ad
726 2255 871 2326 illos,
914 2256 1014 2332 qui
1056 2256 1229 2314 etiam
1271 2268 1414 2327 tum,
1457 2273 1593 2314 cum
1633 2255 1889 2315 misereri
1929 2257 2046 2316 mei
2088 2258 2322 2338 debent,

438 2372 561 2412 non
611 2353 883 2412 desinunt
932 2352 1205 2416 invidere.
1289 2351 1409 2412 Sed
1449 2363 1644 2412 tamen
1684 2353 1901 2413 modici
1941 2353 2155 2414 fuimus
2197 2359 2324 2416 ὑπο-

440 2452 597 2524 θέσει,
655 2461 719 2510 ut
773 2451 1008 2528 scripsi:
1071 2451 1287 2511 erimus
1340 2451 1650 2523 uberiores,
1717 2452 1766 2510 si
1820 2461 1879 2511 et
1932 2451 2026 2512 ille
2081 2452 2328 2516 libenter

438 2548 683 2626 accipiet
714 2559 772 2607 et
807 2548 848 2606 ii
880 2548 1305 2623 subringentur,
1344 2550 1444 2628 qui
1480 2549 1669 2609 villam
1711 2566 1809 2609 me
1848 2550 2093 2611 moleste
2136 2552 2328 2620 ferunt
2397 2541 2406 2554 ’

437 2645 669 2718 habere,
733 2663 883 2726 quae
939 2643 1130 2704 Catuli
1182 2644 1383 2717 fuerat,
1441 2663 1480 2704 a
1530 2645 1728 2704 Vettio
1761 2633 1879 2708 ⁴me
1932 2649 2146 2708 emisse
2200 2669 2326 2711 non

441 2744 733 2819 cogitan't3
791 2743 890 2820 qui
931 2743 1172 2802 domum
1214 2754 1433 2820 negant
1485 2743 1810 2821 oportuisse
1848 2761 1946 2804 me
1999 2747 2328 2822 aedificare,

441 2841 690 2900 vendere
740 2841 898 2899 aiunt
940 2840 1286 2916 oportuisse.
1371 2839 1490 2900 Sed
1530 2839 1672 2917 quid
1711 2840 1789 2901 ad
1831 2840 1963 2912 hoc,
2005 2843 2071 2914 si,
2113 2846 2328 2921 quibus

444 2937 741 2996 sententiis
782 2938 902 2996 dixi
945 2937 1106 3014 quod
1145 2947 1205 2997 et
1239 2937 1351 3013 ipsi
1389 2937 1721 3014 probarent,
1746 2935 1940 3002 laetati
1967 2949 2103 2999 sunt
2128 2951 2330 3002 tamen

442 3049 541 3091 me
600 3043 806 3091 contra
866 3033 1134 3111 Pompeii
1187 3034 1545 3093 voluntatem
1583 3029 1854 3093 dixisse?
1934 3034 2112 3098 Finis.
2209 3037 2332 3104 Sed

444 3129 741 3212 quoniam,
784 3130 884 3206 qui
925 3131 1067 3190 nihil
1107 3141 1370 3208 possunt,
1409 3131 1450 3192 ii
1488 3150 1586 3192 me
1625 3131 1832 3191 nolunt
1867 3150 2081 3206 amare,
2120 3135 2331 3195 demus

444 3244 687 3302 operam
739 3237 805 3286 ut
857 3228 934 3288 ab
988 3229 1075 3300 iis,
1141 3231 1241 3306 qui
1299 3239 1565 3306 possunt,
1629 3230 1951 3308 diligamur.
2045 3251 2101 3307 3.
2151 3232 2334 3302 Dices

453 3325 470 3354 ⁶
487 3323 695 3382 vellem
748 3325 864 3382 iam
918 3325 1177 3401 pridem.’
1260 3327 1398 3386 Scio
1437 3337 1495 3387 te
1535 3325 1782 3387 voluisse
1837 3338 1897 3388 et
1950 3346 2047 3388 me
2101 3331 2334 3390 asinum

452 3435 799 3493 germanum
826 3421 1021 3496 fuisse.
1102 3422 1223 3486 Sed
1262 3425 1380 3484 iam
1415 3435 1646 3509 tempus
1681 3436 1770 3486 est
1800 3443 1897 3487 me
1937 3427 2131 3508 ipsum
2167 3445 2204 3488 a
2233 3445 2336 3490 me
