2642 3925
515 264 635 332 132
864 265 915 304 μ
1068 257 1167 307 Μ..
1198 257 1436 307 TULLII
1476 257 1683 307 cmm
1691 258 1855 308 oms
2017 255 2023 260 ’
2127 246 2280 329 [Pars
2310 255 2405 307 1112

506 426 922 476 convenerunt.
1009 435 1064 477 2.
1107 415 1245 489 Qua
1271 435 1335 475 re
1364 414 1440 475 da
1466 434 1723 493 operam,
1751 416 1801 475 si
1828 414 1945 476 ulla
1973 415 2197 475 ratione
2224 416 2408 475 etiam·

506 532 666 575 nunc
711 514 938 573 efficere
984 524 1174 590 potes,
1219 524 1283 573 ut
1333 523 1390 573 te
1437 514 1709 590 explices,
1753 513 1873 573 huc
1921 532 2099 590 quam
2147 514 2402 590 primum

414 595 428 609 ⁸
509 613 726 684 veniam,
750 622 889 672 ante
923 630 1103 689 quam
1146 629 1355 671 omnes
1396 614 1601 689 copiae
1642 612 1725 670 ad
1757 611 2147 670 adversarium
2187 629 2403 670 conve-

509 709 708 781 niant3
768 727 960 786 neque
1007 710 1164 768 enim
1210 710 1468 769 celeriter
1509 728 1583 769 ex
1628 710 1928 769 dilectibus
1969 709 2084 768 huc
2131 707 2403 768 homines
2505 725 2525 746 ⁴

509 808 816 866 convenire
858 818 1121 884 possunt,
1165 818 1240 879 et,
1286 808 1336 867 si
1378 809 1766 879 convenirent,
1805 817 2088 883 quantum
2129 806 2199 866 iis
2240 824 2405 865 com-

509 905 855 963 mittendum
902 905 988 977 sit,
1029 905 1133 981 qui
1179 905 1328 963 inter
1368 923 1432 965 se
1473 922 1550 963 ne
1591 906 1714 964 noti
1754 905 1966 980 quidem
2007 914 2158 977 sunt,
2202 914 2407 964 contra

508 1013 809 1064 veteranas
834 1001 1097 1078 legiones
1125 1020 1249 1062 non
1276 1012 1335 1061 te
1363 1002 1647 1079 praeterit.

865 1163 962 1218 52.
1044 1158 1160 1217 AD
1202 1158 1710 1248 FAMILIARES
1737 1158 1917 1248 XVI.
1967 1176 2059 1218 12.

687 1271 823 1334 Sca.
866 1270 1110 1332 CAPUAE
1150 1291 1230 1333 ιν.
1271 1271 1429 1332 KAL.
1472 1271 1843 1331 FEBRUAluAs
1883 1291 2051 1334 A.U.c.
2096 1286 2233 1348 705.

1037 1397 1287 1441 ‘ruanis
1325 1397 1375 1440 s.
1415 1398 1473 1441 n.
1513 1397 1717 1440 mom
1758 1397 1886 1441 suo.

532 1541 537 1554 .
601 1512 652 1554 ι.
694 1493 835 1567 Quo
874 1494 936 1553 in
977 1495 1306 1554 discrimine
1346 1503 1604 1552 versetur
1645 1494 1799 1552 salus
1840 1513 1974 1554 mea
2014 1504 2073 1555 et
2112 1494 2404 1554 bonorum

512 1594 778 1654 omnium
816 1602 988 1669 atque
1028 1593 1328 1656 universae
1368 1592 1449 1652 rei
1486 1585 1766 1669 publicae,
1795 1611 1869 1651 ex
1912 1610 1985 1651 eo
2004 1593 2172 1652 -scire
2214 1604 2400 1669 poteS,

514 1690 674 1767 quod
702 1689 915 1748 domos
941 1700 1171 1749 nostras
1208 1700 1269 1749 et
1297 1691 1543 1766 patriam
1570 1691 1759 1767 ipsam
1786 1690 1876 1748 vel
1905 1690 2288 1767 diripiendam
2316 1691 2407 1750 vel

515 1788 994 1847 inflammandam
1049 1788 1423 1866 reliquimus:
1486 1788 1549 1847 in
1596 1807 1732 1847 eum
1779 1789 1975 1848 locum
2020 1808 2113 1848 res
2157 1789 2408 1849 deducta

515 1897 620 1952 est,
647 1897 727 1957 ut,
757 1886 866 1944 nisi
887 1887 992 1964 qui
1021 1887 1165 1946 deus
1193 1887 1282 1946 vel
1307 1903 1478 1947 casus
1513 1887 1687 1965 aliqui
1730 1886 2072 1959 subvenerit,
2102 1887 2241 1947 salvi
2275 1906 2407 1946 esse

517 2003 893 2061 nequeamus.
979 2004 1032 2044 2.
1074 1985 1384 2062 Equidem,
1416 1995 1482 2044 ut
1519 1987 1650 2044 veni
1688 1986 1765 2044 ad
1799 1985 2023 2058 urbem,
2052 2003 2174 2044 non
2217 1988 2407 2046 destiti

517 2085 715 2142 omnia
741 2095 801 2142 et
829 2084 1038 2143 sentire
1067 2093 1125 2142 et
1159 2084 1350 2142 dicere
1389 2093 1447 2141 et
1488 2082 1695 2153 facere,
1723 2100 1874 2160 quae
1914 2082 2010 2148 ad,
2031 2085 2408 2146 concordiam

520 2183 869 2257 pertinerent
892 2199 911 2252 3
956 2178 1071 2238 sed‘
1090 2180 1269 2239 mirus
1297 2181 1584 2239 invaserat
1611 2179 1771 2239 furor
1797 2198 1920 2239 non
1960 2180 2156 2253 s'olum⁶
2190 2183 2410 2259 impro-

521 2276 631 2347 bis,
658 2276 764 2334 sed
791 2277 964 2334 etiam
993 2277 1062 2334 iis
1090 2277 1190 2353 qui
1224 2277 1365 2335 boni
1395 2271 1678 2336 habentur
1709 2288 1773 2336 ut
1802 2271 2073 2355 'pugnare
2111 2291 2410 2355 cuperent,

522 2391 617 2433 me
644 2373 930 2430 clamante
957 2373 1098 2431 nihil
1126 2391 1255 2432 esse
1294 2373 1451 2433 bello
1487 2375 1635 2433 civi-li
1671 2375 1953 2434 miserius.
2038 2375 2243 2451 Itaque
2272 2397 2412 2436 cum

522 2469 741 2530 Caesar
795 2471 1048 2530 amentia
1101 2471 1357 2547 quadam
1411 2483 1704 2548 raperetur
1755 2482 1815 2531 et
1882 2473 2096 2532 oblitus
2154 2476 2409 2534 nominis

520 2579 694 2643 atque
730 2567 1026 2627 honorum
1061 2586 1308 2629 suorum
1347 2569 1691 2640 Ariminum,
1731 2569 2050 2640 Pisaurum,
2078 2571 2410 2645 Anconam,

521 2665 814 2729 Arretium
855 2668 1270 2741 occupavisset,
1306 2665 1512 2725 urbem
1552 2667 1885 2743 reliquimus
1901 2687 1930 2739 3.
1962 2686 2141 2743 quam
2183 2671 2414 2746 sapien·
2483 2702 2489 2709 -

520 2775 608 2825 ter
636 2774 736 2822 aut
764 2781 941 2840 quam
968 2764 1204 2836 fortiter,
1241 2764 1386 2823 nihil
1426 2764 1640 2823 attinet.
1666 2760 1943 2842 disputari
1966 2783 1983 2834 3
2022 2783 2144 2843 quo
2172 2768 2411 2842 quidem

520 2863 583 2925 in
606 2880 756 2925 casu
794 2863 994 2934 simus,
1025 2862 1202 2922 vides,
1288 2882 1344 2938 3.
1428 2861 1715 2920 Feruntur
1754 2863 1995 2921 omnino
2033 2864 2413 2928 condiciones

520 2960 597 3019 ab
623 2959 737 3031 ino,
766 2970 831 3020 ut
856 2959 1175 3035 Pompeius
1208 2969 1306 3019 eat
1335 2961 1396 3019 in
1424 2958 1811 3035 Hispaniam;
1854 2960 2112 3031 dilectus,
2145 2957 2243 3037 qui
2279 2976 2415 3023 sunt

520 3058 718 3127 habiti,
772 3065 831 3117 et
885 3059 1177 3134 praesidia
1235 3068 1437 3117 nostra
1506 3057 1895 3132 dimittantur3
1963 3076 2028 3117 se
2082 3058 2414 3120 ulteriorem

520 3153 773 3222 Galliam
799 3182 813 3221 ;;
838 3153 1118 3227 Domitio,
1160 3155 1504 3216 ‘citeriorem
1574 3155 1857 3216 Considio
1926 3155 2204 3217 Noniano
2224 3188 2309 3200 —
2324 3157 2416 3216 his

520 3253 682 3315 enim
720 3252 1520 3328 obtigerunt—traditurum5
1579 3253 1660 3313 ad
1698 3254 2030 3317 consulatus
2071 3255 2417 3330 petitionem

522 3368 590 3409 se
626 3361 950 3423 venturum,
978 3368 1167 3425 neque
1197 3367 1261 3408 se
1297 3350 1416 3409 iam
1442 3350 1584 3411 velle
1620 3352 1861 3410 absente
1897 3369 1962 3410 se
2000 3353 2282 3412 rationem
2310 3352 2415 3411 ha-

524 3448 647 3509 beri
685 3463 884 3520 suam3
944 3466 1011 3509 se
1054 3459 1424 3529 praesentem
1461 3448 1685 3507 trinum.
1712 3447 2038 3507 nundinum
2082 3450 2424 3526 petiturum-e
