2642 3925
369 255 458 319 Ep.
489 240 594 326 56.]
771 250 994 302 EPIST.
1039 253 1138 302 AD
1181 252 1514 304 ATTJCUM
1558 250 1714 304 Vnz.
1770 259 1867 307 11.
2135 259 2247 321 141

364 403 554 462 natori
589 422 790 464 cursus
831 406 1137 476 secundus,
1167 405 1400 463 medico
1436 403 1605 475 saluS,
1636 402 1966 480 imperatori
2003 403 2253 476 victoria,

365 504 448 562 sic
496 503 631 562 huic
679 503 1030 562 moderatori
1072 502 1153 562 rei
1193 503 1457 579 publicae
1500 504 1673 560 beata
1715 501 1923 560 civium
1965 500 2084 585 vita·
2120 520 2257 578 pro·

363 600 556 678 posita
593 611 694 672 est,
726 611 789 659 ut
827 603 1039 677 opibus
1077 601 1258 670 firma,
1290 601 1476 676 copiis
1512 599 1789 676 locuples,
1824 599 2004 674 gloria
2044 599 2255 674 ampla,

364 697 568 755 virtute
624 698 870 756 honesta
925 699 1032 770 sit3
1105 684 1274 756 huius
1332 699 1489 756 enim
1542 698 1736 774 operis
1806 695 2045 755 maximi
2110 697 2260 758 inter

366 793 635 853 homines
679 804 852 871 atque
891 795 1092 871 optimi
1134 795 1292 853 illum
1343 813 1471 854 esse
1520 795 1904 872 perfectorem
1950 791 2115 854 volo?
2203 815 2255 856 2.

367 891 508 950 Hoc
553 891 793 950 Gnaeus
837 902 1035 951 noster
1083 911 1218 950 cum
1265 903 1439 951 antea
1485 910 1827 970 numquam,
1869 901 1996 950 tum
2045 892 2106 950 in
2147 892 2258 953 hac

369 1007 543 1048 causa
591 991 830 1049 minime
871 990 1181 1066 cogitavit:
1209 991 1549 1049 'dominatio
1592 991 1854 1066 quaesita
1894 992 1969 1048 ab
2011 998 2257 1067 utroque

367 1097 458 1145 est
505 1105 628 1145 non
655 1087 716 1146 id
743 1098 954 1158 actum,
983 1089 1154 1146 beata
1181 1097 1237 1145 et
1265 1087 1512 1146 honesta
1541 1087 1737 1146 civitas
1775 1098 1839 1146 ut
1876 1098 2047 1146 esset.
2130 1087 2260 1148 Nec

370 1201 508 1241 vero
551 1185 642 1242 ille
675 1185 881 1243 urbem
919 1183 1163 1260 reliquit,
1194 1184 1357 1261 quod
1392 1203 1524 1243 eam
1560 1185 1705 1244 tueri
1733 1203 1857 1243 non
1894 1197 2111 1261 posset,
2151 1204 2261 1244 nec

370 1279 618 1352 Italiam,
662 1282 822 1357 quod
865 1299 938 1340 ea
979 1282 1300 1357 pelleretur,
1345 1283 1449 1341 sed
1498 1282 1614 1342 hoc
1654 1301 1691 1340 a
1737 1283 1927 1360 primo
1978 1282 2260 1358 cogitavit,

372 1395 579 1437 omnes
622 1387 819 1450 terras,
863 1379 1062 1438 omnia
1111 1381 1291 1438 maria
1340 1398 1592 1450 movere,
1634 1398 1804 1456 reges
1855 1381 2131 1439 barbaros
2173 1380 2261 1436 in-

371 1477 563 1546 citare,
594 1487 800 1552 gentes
829 1476 978 1536 feras
1005 1487 1255 1535 armatas
1273 1477 1347 1538 -in
1375 1476 1603 1536 Italiam
1641 1478 1949 1548 adducere,
1980 1478 2265 1537 exercitus

369 1575 673 1634 conficere·
689 1574 994 1632 maximos,
1067 1573 1272 1633 Genus
1300 1575 1441 1634 illud
1470 1574 1690 1633 Sullani
1717 1577 1880 1652 regni
1902 1575 2018 1633 iam
2039 1574 2264 1651 pridem

375 1672 677 1747 appetitur,
715 1671 926 1742 multis,
956 1671 1056 1748 qui
1095 1690 1217 1731 una
1258 1683 1413 1744 sunt,
1452 1673 1837 1749 cupientibus,
1919 1674 2018 1730 An
2060 1691 2265 1731 censes

375 1768 515 1827 nihil
543 1769 690 1826 inter
717 1785 822 1826 eos
849 1770 1176 1842 convenire,
1207 1769 1429 1828 nullam
1458 1771 1789 1846 pactionem
1819 1760 1941 1827 fie'ri
1968 1770 2265 1845 potuisse?

375 1867 550 1926 hodie
573 1876 768 1943 potest
788 1887 807 1940 3
839 1867 945 1925 sed
971 1868 1160 1926 neutri
1178 1872 1375 1926 σκοπὸς
1402 1880 1489 1926 est
1518 1867 1627 1938 ille,
1644 1875 1707 1923 ut
1738 1883 1848 1924 nos
1875 1867 2028 1924 beati
2059 1867 2265 1926 simus:

378 1976 616 2042 uterque
666 1959 910 2042 regnare
953 1965 1096 2024 volt.
1189 1986 1244 2041 3.
1299 1964 1472 2026 Haec
1516 1984 1553 2023 a
1599 1975 1657 2024 te
1704 1965 1977 2025 invitatus
2026 1967 2268 2025 breviter

377 2062 663 2140 exposui3
705 2062 935 2121 voluisti
975 2064 1133 2120 enim
1175 2080 1287 2133 me,
1333 2062 1474 2138 quid
1514 2064 1589 2122 de
1628 2061 1721 2123 his
1761 2064 1930 2123 malis
1978 2064 2267 2135 sentirem,

376 2162 702 2222 ostendere.
785 2162 1125 2235 Προθεσπίςω
1152 2159 1340 2236 igitur,
1364 2170 1562 2219 noster
1588 2160 1797 2233 Attice,
1817 2180 1939 2221 non
1961 2161 2267 2235 hariolanS,
2334 2236 2342 2244 ,

380 2270 444 2319 ut
471 2260 582 2331 illa,
607 2258 702 2318 cui
728 2274 906 2315 nemo
937 2255 1192 2326 credidit,
1223 2256 1346 2314 sed
1356 2258 1685 2317 coniectura
1710 2260 2106 2336 prospiciens:
2148 2294 2151 2298 ²

964 2361 1153 2463 iamque
1179 2361 1296 2413 mari
1330 2377 1538 2427 magno.

383 2462 527 2522 Non
595 2452 793 2551 multo,
851 2427 1110 2536 inquam,
1166 2479 1335 2520 secus
1400 2481 1645 2539 possum
1710 2445 2044 2539 vaticinari3
2112 2475 2273 2525 tanta

380 2543 670 2619 malorum
711 2558 1009 2633 impendet
1035 2559 1208 2616 Ἰλιάς.
1225 2570 1230 2575 ·
1293 2560 1491 2636 Atque
1532 2562 1647 2621 hoc
1682 2566 1885 2622 nostr'a
1912 2563 2146 2640 'gravior
2184 2574 2273 2621 est

383 2677 573 2727 causa,
605 2656 715 2733 qui
731 2656 894 2715 domi
923 2652 1142 2727 sumus,
1166 2674 1345 2732 quam
1374 2656 1633 2732 illorum,
1640 2661 1739 2735 qui
1766 2678 1884 2717 una
1911 2661 2272 2731 transierunt,

379 2757 546 2834 'quod
573 2756 650 2814 illi
678 2741 933 2813 alterum
950 2743 1232 2843 metuunt,
1262 2760 1375 2815 no's
1413 2757 1740 2834 utrumque.
1826 2777 1881 2830 4.
1926 2756 2045 2816 Cur
2085 2758 2273 2833 igitur,

383 2854 592 2929 inquiS,
614 2851 1038 2912 remansimus?
1075 2852 1166 2910 vel
1194 2853 1298 2911 tibi
1327 2854 1625 2929 'paruimus
1653 2856 1743 2914 vel
1769 2842 1891 2914 non
1918 2856 2277 2913 occurrimus

383 2950 474 3009 vel
502 2950 614 3007 hoc
643 2950 747 3008 fuit
775 2950 1001 3007 rectiuS.
1071 2948 1436 3021 Conculcari‚
1461 2951 1717 3035 inquam,
1748 2952 2020 3011 miseram
2044 2952 2274 3017 Italiam

383 3049 602 3106 videbis
645 3046 914 3121 proxima
954 3052 1170 3105 aestate
1197 3052 1235 3114 †'
1263 3057 1362 3107 aut
1400 3048 1701 3124 utriusque
1748 3050 1809 3107 in
1856 3050 2159 3126 mancipiis
2201 3066 2276 3109 ex
2328 3052 2335 3058 ’

383 3147 547 3204 οιιιιιι
574 3162 786 3219 genere
817 3142 1089 3213 collectis,
1118 3161 1236 3203 nec
1267 3154 1386 3202 tam
1412 3139 1761 3231 proscriptio
1786 3146 2275 3221 pertimescenda,

380 3258 532 3321 >quae
557 3240 836 3301 Luceriae
863 3241 1057 3299 multis
1100 3228 1469 3301 sermonibus
1513 3242 1866 3330 denuntiata
1886 3261 2019 3302 esse
2043 3228 2275 3315 dicitur,

379 3354 564 3415 quam
600 3341 638 3403 †
674 3328 1000 3397 universam
1042 3339 1333 3399 interitus.
1360 3350 1565 3397 tantas
1603 3340 1675 3398 in
1719 3339 2092 3427 confligendo
2142 3342 2275 3397 utri-

383 3453 587 3513 usque
613 3435 771 3493 vires
813 3434 984 3494 video
1034 3427 1270 3495 futuras.
1333 3436 1563 3497 Habes
1595 3436 2001 3497 coniecturam
2049 3444 2274 3509 meamg,
