2642 3925
790 252 1160 305 NOMINUM<
1179 251 1549 302 PROPRIOR
1558 250 1675 304 ΠΜ.
2107 254 2232 322 295

300 418 450 473 gestas
486 424 535 458 se
580 409 751 457 laudari
789 409 905 470 vult,
938 425 987 473 4,
1024 405 1194 472 5304

304 475 519 522 Metellus
551 476 708 537 Nepos
730 476 939 523 inimicus
971 476 1031 531 ei,
1057 484 1182 539 7-93

302 541 495 587 domum
550 542 678 595 emit,
739 553 815 598 12,
877 553 970 605 193
1033 542 1080 587 in
1130 541 1183 587 P.

303 606 520 652 Clodium
556 607 870 653 testimonium
918 606 1029 653 dicit
1062 606 1184 666 apud

303 671 490 725 iudices,
552 679 641 733 173
709 672 804 718 eius
857 687 962 719 cum
1018 672 1183 717 eodem

305 735 557 790 altercatio,
617 748 706 800 19;
760 737 855 783 eius
916 737 974 783 de
1033 736 1185 796 primo

290 801 508 847 :Caesaris
548 802 786 848 consulatu
822 801 1061 854 sententia,
1088 798 1185 847 26-

305 877 366 927 32
392 881 406 924 3
439 880 466 912 a
485 867 679 913 Caesare
698 867 916 913 invitatur
934 875 986 911 ut
1009 866 1182 929 legatus

305 932 346 977 ei
369 932 443 986 sit,
464 944 523 991 32
542 945 555 985 3
590 933 642 980 Ρ.
660 931 845 979 Clodius
866 932 908 978 ei
933 932 1184 986 minitatur,

304 998 388 1050 ib.;
424 996 468 1043 ei
499 996 743 1056 Pompeius
765 998 921 1043 omnia
945 997 1184 1064 pollicetur

305 1070 354 1108 et
376 1062 668 1122 Caesar,.43;
704 1062 760 1107 ad
786 1062 1056 1121 eratrem
1073 1061 1183 1107 scri-

304 1126 375 1175 bit
398 1128 455 1174 de
483 1126 879 1174 administratione
909 1127 1183 1186 provinciae,

308 1188 490 1252 36-423
522 1193 570 1239 in
593 1192 802 1238 exsilium
834 1192 872 1238 it
900 1205 1048 1241 nanc.
1072 1190 1185 1254 696,

307 1269 502 1318 43-523
535 1270 679 1306 Aac.
703 1255 799 1319 697
824 1257 1029 1304 Romam
1053 1258 1185 1311 redit,

307 1334 403 1382 533
470 1322 693 1382 Pompeio
753 1322 817 1369 rei
859 1322 1186 1370 frumentariae

306 1387 589 1434 curationem
635 1388 852 1441 decernit,
898 1399 989 1448 553
1039 1400 1187 1434 auc.

308 1447 403 1511 698
428 1454 474 1499 in
498 1461 659 1499 senatu
683 1452 885 1499 decernit
902 1462 956 1499 ut
977 1452 1187 1498 reductio

306 1518 426 1579 regis
447 1517 738 1565 Alexandrini
762 1518 810 1564 P.
833 1518 1031 1564 Lentulo
1062 1532 1191 1564 com-

308 1585 530 1638 mittatur,
577 1580 754 1645 56-59,
820 1597 893 1643 cp.
933 1579 1026 1637 663
1076 1582 1188 1629 dicit

308 1662 391 1707 pro
447 1648 502 1695 L.
546 1648 715 1707 Bestia,
761 1644 855 1702 623
914 1656 962 1694 et
1007 1662 1091 1708 pro
1133 1649 1186 1694 P.

309 1713 469 1768 Sestio,
492 1711 585 1773 633
622 1722 673 1760 ut
706 1714 764 1759 de
799 1727 911 1776 agro
947 1713 1187 1773 Campano

306 1778 527 1826 referatur
559 1787 729 1836 censet,
767 1775 830 1838 76
844 1792 858 1833 3
902 1792 1010 1824 cum
1049 1780 1188 1824 Pom·

309 1843 414 1902 peio
446 1854 492 1890 et
529 1843 724 1890 Caesare
753 1844 869 1890 redit
902 1843 951 1889 in
974 1843 1183 1906 gratiam,

314 1916 500 1971 77-793
533 1907 793 1968 παλινῳδία
814 1909 924 1965 eius,
949 1906 1045 1970 643
1078 1922 1191 1955 con·

310 1974 406 2020 silia
446 1989 524 2020 sua
559 1974 719 2022 litteris
756 1974 817 2021 ad
855 1975 907 2024 P.
940 1974 1188 2021 Lentulum

310 2040 482 2097 scriptis
515 2038 733 2094 vindicat,
769 2040 961 2100 74-873
996 2039 1052 2086 C.
1073 2038 1191 2086 Tre·

308 2105 486 2151 batium
525 2104 709 2152 Caesari
748 2104 1056 2159 commendat,
1099 2113 1189 2166 703

312 2169 369 2216 C.
424 2168 642 2215 Messium
698 2168 917 2223 defendit,
977 2178 1064 2229 733
1131 2169 1189 2216 C.

312 2233 502 2281 Curioni
581 2233 808 2280 Milonem
879 2234 1189 2288 commendat,

312 2299 596 2352 consularem
636 2297 944 2354 candidatum,
996 2298 1188 2360 88-903

312 2365 410 2412 eius
434 2363 523 2411 iter
542 2378 629 2426 per-
646 2364 889 2410 Graeciam
910 2376 1053 2410 mmo.
1081 2372 1190 2423 703,
1239 2364 1245 2371 “

312 2442 509 2493 90·923
586 2429 927 2489 proconsulatus
987 2428 1187 2487 Ciliciae,

313 2505 508 2558 92-120
526 2510 541 2550 3
575 2493 745 2540 reditus
770 2494 817 2540 in
839 2493 1044 2549 Italiam,
1065 2505 1189 2548 1203

313 2568 462 2619 sperat
536 2558 836 2623 triumphum,

317 2634 426 2688 119,
475 2634 563 2671 121
586 2639 601 2680 3
664 2624 919 2671 sententiae
970 2626 1069 2672 eius
1122 2623 1190 2671 in·

315 2697 464 2736 stante
495 2690 619 2737 bello
654 2689 794 2748 civili,
824 2701 1079 2749 122-1253
1111 2690 1190 2736 diu

314 2755 492 2801 dubitat
524 2770 585 2801 an
617 2769 667 2802 se
695 2769 804 2801 cum
838 2754 1060 2815 Pompeio
1079 2769 1193 2801 con·

314 2819 491 2882 iungat,
530 2817 804 2875 126-1663,
830 2819 926 2866 eius
957 2820 1016 2865 ad
1051 2820 1192 2866 Pom·

311 2885 466 2946 peium
488 2884 681 2939 litterae,
708 2896 831 2947 1303
866 2892 915 2930 et
948 2885 1004 2931 ad
1025 2883 1195 2931 Caesa·

312 2964 427 3004 rem,
455 2948 576 3010 1563
605 2953 715 2997 'cum
748 2951 943 2997 Caesare
974 2949 1193 3010 colloqui·

311 3025 406 3075 tur,
458 3026 573 3078 1593
634 3029 802 3063 navem
834 3015 1097 3062 conscendit
1141 3015 1190 3062 in

311 3082 501 3142 Epirum
554 3080 713 3137 iturus,
764 3087 887 3140 1-733
951 3079 997 3126 in
1034 3081 1190 3127 castris

312 3144 521 3205 Pompeii
536 3159 564 3191 a
583 3145 657 3194 M.
674 3144 832 3192 Caelio
857 3152 906 3191 et
926 3159 954 3190 a
977 3145 1029 3192 P.
1051 3145 1194 3192 Dola-

314 3211 434 3258 bella
452 3210 626 3258 litteras
640 3210 821 3269 accipit,
841 3206 1066 3271 174-176
1087 3225 1103 3269 3
1124 3210 1191 3257 ibi

314 3274 621 3323 sollicitudine
640 3274 895 3330 conficitur,
921 3281 1047 3337 1773
1079 3275 1191 3336 quid

315 3339 588 3399 Pompeiani
597 3340 760 3387 facturi
767 3348 915 3386 essent
927 3340 966 3386 si
981 3339 1192 3387 vicissent

312 3404 520 3464 exponit,
543 3404 552 3415 “
610 3412 721 3467 179.
785 3415 906 3468 1903
982 3404 1191 3464 Pompeii

311 3467 502 3518 consilia
545 3469 849 3533 reprehendit,
897 3468 1011 3534 189,
1064 3481 1191 3534 1973

924 2555 1219 2621 114-116,·
1272 2601 1275 2603 i

1355 410 1404 457 in
1442 409 1626 458 Italiam
1664 408 1813 456 redux¹
1846 409 2068 458 Brundisii
2103 423 2231 458 com-

1353 484 1574 531 moratur,
1618 472 1868 535 178-186;
1901 475 1998 521 eius
2033 475 2090 521 de
2125 474 2230 520 belli

1353 541 1556 588 Africani
1599 549 1766 586 eventu
1811 540 2081 594 sollicitudo,
2121 538 2226 599 184,

1358 605 1482 666 1873
1524 605 1705 653 Caesari
1762 619 1846 664 pro
1892 604 1964 651 M.
2007 605 2231 651 Marcello

1350 671 1520 735 gratias
1554 672 1668 733 agit,
1711 683 1830 733 194;
1866 670 2110 717 Caesarem
2136 670 2232 716 lau·

1351 737 1448 790 dat,
1492 747 1602 799 195,
1655 742 1912 798 197-1993
1962 735 2008 782 ei
2047 735 2233 796 Apollo·

1352 802 1484 848 nium
1550 800 1860 856 commendat,
1931 809 2057 861 2073
2138 800 2231 849 Ser.

1351 866 1548 925 Sulpicio
1571 867 1629 914 de
1646 874 1795 912 morte
1811 864 1992 912 Tulliae
2012 866 2232 920 rescribit,

1356 942 1611 989 211-2133
1665 931 1796 977 ludos
1840 930 2044 977 Caesaris
2086 944 2233 980 auc.

1355 1004 1448 1058 709
1472 1004 1662 1055 spectat,
1698 994 1824 1050 2ι83
1857 996 2098 1043 Caesarem
2129 996 2236 1044 hos-

1353 1062 1469 1121 pitio
1496 1060 1696 1108 Puteolis
1730 1061 1908 1120 accipit,
1948 1060 2074 1116 2183
2108 1062 2253 1112 venit,

1354 1127 1413 1174 ad
1435 1126 1681 1174 Caesarem
1721 1126 1850 1172 Sestii
1885 1135 2066 1188 rogatu,
2106 1138 2232 1180 2213

1353 1199 1459 1252 post
1513 1191 1716 1240 Caesaris
1783 1199 1982 1237 mortem
2037 1192 2234 1237 devertit

1355 1256 1476 1317 apud
1510 1257 1564 1303 C.
1598 1256 1813 1312 Matium,
1850 1268 1977 1311 2203
2013 1256 2233 1303 Octavius

1353 1320 1682 1382 perhonorifice
1722 1337 1827 1368 cum
1863 1337 1920 1368 eo
1959 1322 2070 1384 agit,
2106 1333 2232 1381 2233

1357 1386 1428 1433 M.
1468 1387 1671 1434 Antonio
1717 1387 1821 1435 Sex.
1860 1386 2010 1433 Clodii
2053 1387 2234 1432 restitu-

1355 1452 1780 1511 tionem.concedit,
1808 1463 1899 1511 225
1919 1466 1932 1505 3
1967 1451 2234 1498 Dolabellae

1354 1516 1606 1580 gratulatur
1642 1517 1766 1577 quod
1793 1517 1840 1563 in
1865 1516 2104 1564 seditiosos
2136 1517 2237 1563 ani-

1355 1581 1667 1639 madverterit,
1726 1578 1851 1637 2263
1924 1583 2019 1628 eius
2082 1587 2096 1608 ⁶
2112 1581 2233 1629 Cato

1355 1645 1536 1701 maior,'
1558 1658 1666 1706 230,
1703 1643 1828 1708 2463
1862 1647 1921 1693 ad
1956 1647 2012 1697 C.
2030 1647 2231 1693 Matium

1354 1712 1526 1759 litteras
1547 1712 1706 1769 mittit,
1736 1724 1855 1772 2303
1890 1728 1917 1758 a
1951 1712 2234 1773 Leucopetra

1356 1777 1597 1824 Graeciam
1656 1792 1807 1823 versus
1856 1777 2062 1840 navigat,
2110 1777 2203 1838 238
2219 1792 2232 1832 3

1355 1854 1511 1888 austro
1546 1842 1755 1901 reficitur,
1799 1843 1890 1895 ib.;
1932 1842 2088 1890 Veliae
2127 1856 2233 1889 curn

1357 1907 1432 1956 M.
1469 1908 1614 1954 Bruto
1652 1908 1942 1968 colloquitur,
1982 1920 2103 1971 239³
2139 1908 2237 1954 Ro·

1357 1987 1484 2020 mam
1505 1988 1708 2021 reversus
1738 1974 2038 2034 Philippicam
2067 1975 2239 2020 oratio-

1358 2053 1466 2085 nem
1499 2040 1695 2100 primam
1719 2038 1873 2094 habet,
1911 2050 2031 2100 2413
2068 2039 2238 2098 Philip-

1358 2105 1509 2165 picam
1564 2105 1807 2150 secundam
1862 2105 2022 2151 Attico
2075 2105 2237 2158 mittit,

1362 2181 1487 2230 2453
1519 2169 1685 2216 librum
1718 2170 1809 2216 ‘de
1830 2167 2033 2216 Officiis'
2066 2170 2236 2225 scribit,

1361 2232 1485 2295 2463
1534 2234 1616 2280 xiii
1670 2233 1792 2284 Kal..
1831 2235 1929 2294 Ian.
1972 2235 2023 2282 in
2075 2244 2237 2281 senatu

1358 2300 1497 2345 verba
1536 2299 1662 2354 facit,
1701 2311 1811 2361 249,
1860 2311 1982 2360 2523
2035 2300 2096 2347 ad
2132 2315 2237 2348 rem

1357 2365 1584 2424 publicam
1626 2365 1976 2412 ⁴defendendam
2030 2365 2238 2412 hortatur

1359 2429 1432 2477 M.
1456 2430 1707 2477 Aemilium
1742 2431 1980 2491 Lepidum,
2009 2441 2131 2490 2573
2172 2431 2235 2479 C.

1359 2495 1566 2542 Cassium
1624 2495 1903 2559 Longinum,
1961 2506 2069 2556 241,
2124 2506 2234 2556 251,

1363 2572 1478 2620 253,
1502 2559 1613 2615 261,
1652 2561 1725 2620 Q
1766 2559 2078 2616 Cornificium,
2107 2571 2235 2622 2493

1359 2623 1419 2673 D.
1466 2625 1646 2671 Iunium
1692 2627 1900 2679 Brutum,
1950 2623 2059 2682 248,
2108 2638 2234 2684 2503

1359 2690 1412 2737 L.
1436 2689 1702 2737 Munatium
1735 2691 1967 2744 Plancum,
1987 2686 2096 2750 256,
2124 2689 2236 2745 260,

1362 2763 1451 2815 271
1475 2771 1488 2810 3
1524 2756 1619 2802 eius
1642 2755 1792 2814 liberg⁸
1806 2756 1864 2802 de
1887 2755 2114 2810 Oratore,'
2137 2753 2233 2811 863

1359 2830 1530 2876 orator,
1569 2832 1692 2884 2913
1723 2821 1782 2866 de
1813 2821 2098 2881 temporibus
2128 2821 2235 2876 suis,

1357 2882 1438 2932 86.
1465 2890 1469 2896 '

1290 2928 1483 3006 Tullius,
1500 2935 1759 3006 M.Cicero,
1773 2926 2085 3013 praecedentis
2100 2918 2233 3025 filius,

1359 3030 1402 3077 3,
1429 3028 1540 3073 203.

1287 3106 1359 3120 —
1379 3083 1453 3142 Q
1466 3081 1644 3136 Cicero,
1667 3080 1859 3128 oratoris
1893 3081 2047 3138 frater,
2074 3081 2236 3129 Asiam

1356 3162 1443 3208 pro
1489 3155 1698 3205 praetore
1740 3147 1876 3208 regit,
1925 3148 2002 3202 28,
2038 3142 2234 3207 36-423

1356 3226 1439 3273 pro
1483 3211 1621 3256 fratre
1675 3210 1843 3271 aliquid
1887 3211 1973 3258 Cn.
2011 3211 2235 3270 Pompeio

1355 3276 1622 3336 despondet,
1662 3283 1754 3337 773
1809 3275 1857 3321 in
1900 3275 2152 3322 Sardiniam
2198 3277 2234 3323 it

1355 3340 1563 3401 Pompeii
1608 3340 1795 3404 legatus,
1841 3337 1921 3395 62,
1959 3349 2050 3401 773
2097 3349 2144 3387 et
2188 3341 2235 3387 in

1353 3405 1554 3453 Galliam
1594 3420 1702 3451 cum
1747 3404 1956 3460 Caesare,
1991 3405 2082 3466 853
2126 3420 2234 3452 cum

1354 3471 1495 3520 fratre
1507 3471 1680 3534 legatus
1702 3471 1748 3517 in
1761 3469 1968 3517 Ciliciam
1988 3471 2233 3533 proficisci·
