2642 3925
462 247 552 311 24
922 259 965 298 ,ν
1002 241 1079 296 Μ.
1133 242 1371 291 wan
1413 243 1617 291 orosa
1626 240 1793 292 oms
2135 227 2275 311 [Pars
2304 239 2343 289 1.

460 418 586 461 rem
622 399 919 478 publicam·
959 400 1219 478 perdere,
1261 418 1438 477 quam
1482 399 1762 460 similibus
1801 397 1926 460 eius
1965 415 2062 458 me
2104 398 2343 458 consule

461 499 715 575 patriciis
769 509 923 559 esset
977 498 1210 558 licitum.
1294 499 1440 570 Iam,
1495 517 1632 558 cum
1687 517 1752 557 se
1804 498 1898 557 ille
1953 496 2199 573 septimo
2248 496 2343 555 die

460 598 686 660 ,venisse
738 616 775 657 a
829 597 977 657 freto
1025 614 1217 673 neque
1264 598 1374 656 sibi
1422 598 1657 656 obviam
1699 613 2056 672 quemquam
2110 594 2342 671 prodire

462 695 721 772 potuisse
748 704 808 753 et
833 705 1013 753 noctu
1040 713 1104 753 se
1144 694 1409 753 introisse
1443 695 1680 754 dixisset
1707 694 1767 751 in
1804 711 1993 770 eoque
2022 710 2085 752 se
2111 693 2172 751 in
2200 711 2348 752 con·

463 792 621 850 tione
670 792 951 862 iactasset,
976 837 979 840 n
1002 790 1145 850 nihil
1195 792 1254 849 ei
1308 792 1445 850 novi
1499 791 1618 850 dixi
1671 791 1970 860 accidisse,
2022 808 2096 849 ex
2152 790 2346 849 Sicilia

461 886 709 962 septimo
758 885 853 944 die
898 884 1185 944 Romam:
1243 884 1424 943 tribus
1470 883 1630 943 horis
1678 883 1875 942 Roma
1914 882 2342 955 Interamnam;

460 994 642 1048 noctu
681 984 982 1042 introisse:
1027 982 1167 1042 item
1209 992 1378 1055 ante3
1429 999 1551 1041 non
1593 1000 1723 1041 esse
1764 981 1907 1039 itum
1947 982 2211 1040 obviam:
2268 999 2344 1040 ne

460 1090 586 1141 tum
633 1081 886 1160 quidem,
927 1099 1063 1140 cum
1104 1080 1170 1139 iri
1210 1081 1465 1140 maxime
1514 1080 1788 1139 debuerit.
1876 1078 2035 1151 Quid
2073 1080 2344 1156 quaeris?

460 1179 763 1239 hominem
803 1179 1158 1258 petulantem
1213 1178 1544 1237 modestum
1596 1177 1779 1236 reddo
1819 1194 1943 1236 non
1983 1178 2174 1237 solum
2213 1196 2345 1254 per·

461 1287 638 1352 petua
664 1279 940 1352 gravitate
966 1276 1262 1345 orationiS,
1303 1275 1407 1333 sed
1434 1275 1607 1333 etiam
1642 1275 1758 1334 hoc
1778 1292 1993 1351 genere
2018 1275 2343 1349 dictorum;

461 1376 656 1450 itaque
696 1375 812 1433 iam
852 1373 1198 1432 familiariter
1235 1390 1375 1431 cum
1415 1372 1546 1449 ipso
1587 1372 1820 1431 cavillor
1859 1390 1930 1433 ac
1958 1373 2166 1447 iocorg
2202 1374 2347 1451 quin

464 1473 654 1542 etiam,
682 1490 818 1529 cum
846 1471 1217 1530 candidatum
1239 1470 1674 1537 deduceremus,
1698 1472 1921 1547 quaerit
1948 1475 2023 1530 ex
2043 1473 2158 1543 ine,
2200 1490 2347 1532 num

462 1586 840 1628 consuessem
884 1567 1088 1627 Siculis
1129 1568 1324 1627 locum
1372 1569 1783 1645 gladiatoribus
1839 1569 2015 1629 dare?
2097 1568 2345 1645 Negavi.

466 1667 579 1724 *At
619 1664 757 1742 ego’
800 1665 985 1743 inquit
1029 1671 1046 1698 ⁶
1063 1685 1250 1725 novus
1304 1677 1584 1741 patronus
1631 1666 1957 1742 instituam3
2013 1667 2120 1726 sed
2160 1685 2346 1738 soror,

461 1778 613 1837 quae
654 1769 877 1818 tantum
930 1760 1106 1819 habet
1160 1759 1479 1818 consularis
1533 1759 1662 1830 loci,
1717 1778 1901 1819 unum
1955 1760 2096 1819 mihi
2152 1761 2345 1820 solum

461 1855 674 1933 pedem
705 1849 834 1913 dat.’
921 1859 939 1886 ‘
958 1852 1097 1912 Noli
1114 1852 1130 1877 ’
1161 1854 1403 1929 inquam
1432 1858 1447 1885 ‘
1470 1852 1543 1911 de
1569 1871 1689 1912 uno
1723 1854 1874 1931 pede
1902 1856 2116 1914 sororis
2144 1854 2308 1931 queri
2322 1874 2342 1928 ;

460 1954 592 2013 licet
619 1952 792 2012 etiam
821 1951 1062 2012 alterum
1090 1947 1296 2012 tollaS.’
1368 1956 1385 1985 ‘
1406 1949 1548 2011 Non
1577 1947 1911 2013 consulare-⁹
1938 1952 2165 2029 inquies
2196 1952 2344 2013 ‘dic-

461 2062 583 2111 tum
604 2051 644 2110 :’
672 2051 888 2122 fateor3
920 2051 1025 2110 sed
1045 2068 1160 2126 ego
1180 2051 1336 2110 illam
1365 2050 1466 2109 odi
1491 2050 1644 2109 male
1670 2050 2071 2110 consularem:
2106 2047 2226 2131 [ea]
2257 2062 2346 2111 est

460 2148 619 2209 enim
661 2147 948 2217 seditiosa,
995 2144 1114 2228 [ea]
1161 2166 1298 2208 cum
1324 2147 1447 2206 viro
1486 2147 1702 2209 bellum
1742 2149 1907 2225 gerit,
1933 2166 2125 2224 neque
2153 2149 2343 2208 solum

462 2262 599 2302 cum
621 2241 875 2311 Mete110,
898 2242 1000 2300 sed
1022 2242 1194 2300 etiam
1215 2260 1350 2300 cum
1370 2242 1571 2313 Fabio,
1593 2241 1756 2318 quod
1781 2260 1887 2301 eos
1916 2244 1958 2314 †
1986 2243 2048 2301 in
2073 2241 2188 2301 hoc
2214 2261 2343 2302 esse

462 2341 707 2402 moleste
746 2338 872 2399 sert.
902 2320 1013 2400 b6.
1040 2338 1220 2411 Quod
1248 2339 1321 2398 de
1361 2340 1581 2416 agraria
1618 2340 1746 2421 lege
1774 2340 2019 2415 quaeris,
2057 2358 2198 2399 sane
2225 2341 2343 2400 iam

461 2435 685 2492 videtur
710 2432 1015 2492 refrixisse.
1079 2430 1259 2504 Quod
1291 2449 1389 2490 me
1418 2432 1676 2508 quodam
1710 2433 1891 2492 modo
1918 2433 2077 2493 molli
2104 2434 2342 2494 brachio

464 2533 540 2591 de
568 2530 831 2608 Pompeii
859 2529 1237 2588 familiaritate
1264 2529 1554 2606 obiurgas,
1582 2530 1766 2588 nolim
1802 2531 1882 2589 ita
1907 2532 2218 2604 existimes,
2246 2551 2343 2592 me

462 2629 580 2688 mei
601 2627 871 2704 praesidii
900 2645 1075 2687 causa
1101 2645 1235 2686 cum
1265 2627 1363 2685 illo
1402 2629 1776 2687 coniunctum
1812 2647 1960 2699 esse,
2000 2630 2105 2689 sed
2132 2631 2212 2690 ita
2251 2650 2344 2691 res

462 2737 586 2799 erat
626 2726 900 2798 instituta,
928 2733 1009 2796 ut,
1041 2726 1090 2783 si
1119 2726 1266 2784 inter
1295 2741 1408 2783 nos
1437 2728 1603 2784 'esset
1630 2724 1823 2802 aliqua
1849 2725 1998 2785 sorte
2041 2729 2345 2801 dissensio,

465 2825 767 2884 maximas'
792 2824 852 2882 in
894 2842 956 2882 re
997 2822 1231 2900 publica
1272 2821 1591 2881 discordias
1628 2822 1840 2888 versari
1873 2834 2027 2883 esset
2066 2842 2340 2886 necesse:

464 2922 627 2999 quod
654 2940 690 2980 a
717 2940 812 2980 me
831 2922 911 2979 ita
936 2928 1315 2997 praecautum
1345 2930 1518 2996 atque
1547 2920 1626 2977 ita
1652 2920 1950 2996 provisum
1989 2931 2096 2992 est,
2124 2941 2247 2983 non
2282 2934 2346 2983 ut

467 3036 583 3096 ego
605 3018 678 3077 de
698 3020 922 3094 optima
942 3019 1036 3076 illa
1053 3036 1189 3076 mea
1217 3017 1446 3076 ratione·
1463 3017 1822 3088 decederem,
1847 3017 1950 3076 sed
1979 3029 2043 3077 ut
2070 3019 2163 3078 ille
2190 3033 2346 3080 esset

464 3116 673 3185 melior
700 3125 756 3174 et
780 3116 993 3192 aliquid
1023 3115 1096 3174 de
1122 3114 1389 3195 populari
1413 3110 1641 3175 'levitate
1671 3115 2024 3192 deponeret;
2067 3132 2244 3193 quem
2272 3118 2346 3178 de

463 3214 611 3273 meis
664 3213 855 3284 rebuS,
908 3212 971 3271 in
1026 3231 1170 3289 quas
1223 3231 1359 3270 eum
1412 3213 1576 3272 multi
1618 3213 1936 3284 incitarant,
1975 3214 2158 3273 multo
2199 3215 2346 3275 scito

463 3310 773 3387 gloriosius
794 3328 971 3387 quam
993 3310 1065 3368 de
1094 3310 1215 3370 suis
1240 3309 1597 3387 praedicare,
1640 3310 1749 3368 sibi
1771 3312 1927 3369 enim
1955 3313 2105 3371 bene
2124 3322 2345 3390 gestae,

463 3409 606 3468 mihi
672 3419 1045 3468 conservatae
1101 3407 1186 3467 rei
1238 3406 1505 3486 publicae
1553 3407 1654 3466 dat
1707 3408 2120 3470 testimonium.
2204 3409 2345 3472 Hoc
