<?xml version="1.0" encoding="UTF-8"?>
<!DOCTYPE html PUBLIC "-//W3C//DTD XHTML 1.0 Transitional//EN"
    "http://www.w3.org/TR/xhtml1/DTD/xhtml1-transitional.dtd">
<html xmlns="http://www.w3.org/1999/xhtml" xml:lang="en" lang="en">
 <head>
  <title>
</title>
<meta http-equiv="Content-Type" content="text/html;charset=utf-8" />
  <meta name='ocr-system' content='tesseract 3.04.00' />
  <meta name='ocr-capabilities' content='ocr_page ocr_carea ocr_par ocr_line ocrx_word'/>
</head>
<body>
  <div class='ocr_page' id='page_1' title='image "./mtulliiciceroni00watsgoog_0135.png"; bbox 0 0 2642 3925; ppageno 0'>
   <div class='ocr_carea' id='block_1_1' title="bbox 306 227 2193 324">
    <p class='ocr_par' dir='ltr' id='par_1_1' title="bbox 306 227 2193 324">
     <span class='ocr_line' id='line_1_1' title="bbox 306 227 2193 324; baseline 0.002 -25"><span class='ocrx_word' id='word_1_1' title='bbox 306 251 394 316; x_wconf 69' lang='lat' dir='ltr'>sp.</span> <span class='ocrx_word' id='word_1_2' title='bbox 420 236 528 324; x_wconf 56' lang='grc' dir='ltr'>μ]</span> <span class='ocrx_word' id='word_1_3' title='bbox 754 248 979 308; x_wconf 71' lang='grc' dir='ltr'><strong><em>ΕΡιεΤ,</em></strong></span> <span class='ocrx_word' id='word_1_4' title='bbox 1024 248 1126 297; x_wconf 76' lang='lat' dir='ltr'>An</span> <span class='ocrx_word' id='word_1_5' title='bbox 1166 248 1496 300; x_wconf 71' lang='lat' dir='ltr'>Arrrctm</span> <span class='ocrx_word' id='word_1_6' title='bbox 1542 249 1641 304; x_wconf 64' lang='lat' dir='ltr'>Ver..</span> <span class='ocrx_word' id='word_1_7' title='bbox 1680 227 1741 298; x_wconf 90' lang='grc'>6.</span> <span class='ocrx_word' id='word_1_8' title='bbox 2072 251 2101 302; x_wconf 82' lang='lat'>1</span> <span class='ocrx_word' id='word_1_9' title='bbox 2117 253 2193 320; x_wconf 85' lang='lat'>¹9</span> 
     </span>
    </p>
   </div>
   <div class='ocr_carea' id='block_1_2' title="bbox 302 398 2211 3508">
    <p class='ocr_par' dir='ltr' id='par_1_2' title="bbox 303 398 2197 770">
     <span class='ocr_line' id='line_1_2' title="bbox 303 398 2196 477; baseline -0.002 -17"><span class='ocrx_word' id='word_1_10' title='bbox 303 408 364 460; x_wconf 89' lang='lat' dir='ltr'>te</span> <span class='ocrx_word' id='word_1_11' title='bbox 401 409 561 459; x_wconf 92' lang='lat' dir='ltr'>certo</span> <span class='ocrx_word' id='word_1_12' title='bbox 603 398 728 458; x_wconf 88' lang='lat' dir='ltr'>scio</span> <span class='ocrx_word' id='word_1_13' title='bbox 767 398 980 470; x_wconf 87' lang='lat' dir='ltr'>dolere,</span> <span class='ocrx_word' id='word_1_14' title='bbox 1009 400 1282 477; x_wconf 87' lang='lat' dir='ltr'><strong>equidem</strong></span> <span class='ocrx_word' id='word_1_15' title='bbox 1324 399 1654 471; x_wconf 79' lang='lat' dir='ltr'>excrucior3</span> <span class='ocrx_word' id='word_1_16' title='bbox 1699 399 1995 459; x_wconf 83' lang='lat' dir='ltr'>decreram</span> <span class='ocrx_word' id='word_1_17' title='bbox 2036 398 2196 457; x_wconf 89' lang='lat' dir='ltr'>enim</span> 
     </span>
     <span class='ocr_line' id='line_1_3' title="bbox 304 495 2195 572; baseline -0.002 -15"><span class='ocrx_word' id='word_1_18' title='bbox 304 515 442 557; x_wconf 87' lang='lat' dir='ltr'>cum</span> <span class='ocrx_word' id='word_1_19' title='bbox 496 514 569 556; x_wconf 90' lang='lat' dir='ltr'>eo</span> <span class='ocrx_word' id='word_1_20' title='bbox 633 496 800 555; x_wconf 87' lang='lat' dir='ltr'>valde</span> <span class='ocrx_word' id='word_1_21' title='bbox 861 495 1205 556; x_wconf 83' lang='lat' dir='ltr'>familiariter</span> <span class='ocrx_word' id='word_1_22' title='bbox 1264 498 1469 557; x_wconf 87' lang='lat' dir='ltr'>vivere.</span> <span class='ocrx_word' id='word_1_23' title='bbox 1581 516 1637 571; x_wconf 87' lang='lat'>3.</span> <span class='ocrx_word' id='word_1_24' title='bbox 1678 495 1810 556; x_wconf 87' lang='lat' dir='ltr'>Nos</span> <span class='ocrx_word' id='word_1_25' title='bbox 1865 496 2195 572; x_wconf 86' lang='lat' dir='ltr'>provinciae</span> 
     </span>
     <span class='ocr_line' id='line_1_4' title="bbox 305 591 2197 673; baseline 0.001 -19"><span class='ocrx_word' id='word_1_26' title='bbox 305 595 690 673; x_wconf 83' lang='lat' dir='ltr'>praefecimus</span> <span class='ocrx_word' id='word_1_27' title='bbox 760 593 1054 654; x_wconf 80' lang='lat' dir='ltr'>Caelium:</span> <span class='ocrx_word' id='word_1_28' title='bbox 1126 600 1141 625; x_wconf 89' lang='lat'>‘</span> <span class='ocrx_word' id='word_1_29' title='bbox 1159 612 1405 671; x_wconf 88' lang='lat' dir='ltr'>puerum</span> <span class='ocrx_word' id='word_1_30' title='bbox 1422 591 1437 618; x_wconf 89' lang='lat'>’</span> <span class='ocrx_word' id='word_1_31' title='bbox 1504 594 1728 671; x_wconf 81' lang='lat' dir='ltr'>inquies</span> <span class='ocrx_word' id='word_1_32' title='bbox 1794 598 1811 626; x_wconf 79' lang='lat'>⁸</span> <span class='ocrx_word' id='word_1_33' title='bbox 1832 603 1893 654; x_wconf 90' lang='lat' dir='ltr'>et</span> <span class='ocrx_word' id='word_1_34' title='bbox 1952 592 2197 656; x_wconf 79' lang='lat' dir='ltr'>fortasse</span> 
     </span>
     <span class='ocr_line' id='line_1_5' title="bbox 305 691 2195 770; baseline 0 -18"><span class='ocrx_word' id='word_1_35' title='bbox 305 693 526 754; x_wconf 88' lang='lat' dir='ltr'>fatuum</span> <span class='ocrx_word' id='word_1_36' title='bbox 553 705 612 754; x_wconf 87' lang='lat' dir='ltr'>et</span> <span class='ocrx_word' id='word_1_37' title='bbox 640 711 764 752; x_wconf 86' lang='lat' dir='ltr'>non</span> <span class='ocrx_word' id='word_1_38' title='bbox 790 711 1028 770; x_wconf 86' lang='lat' dir='ltr'>gravem</span> <span class='ocrx_word' id='word_1_39' title='bbox 1065 701 1124 752; x_wconf 91' lang='lat' dir='ltr'>et</span> <span class='ocrx_word' id='word_1_40' title='bbox 1161 710 1284 750; x_wconf 87' lang='lat' dir='ltr'>non</span> <span class='ocrx_word' id='word_1_41' title='bbox 1327 691 1759 752; x_wconf 66' lang='lat' dir='ltr'>conti-nentem!</span> <span class='ocrx_word' id='word_1_42' title='bbox 1844 692 2195 752; x_wconf 83' lang='lat' dir='ltr'>Adsentior:</span> 
     </span>
    </p>

    <p class='ocr_par' dir='ltr' id='par_1_3' title="bbox 302 787 2199 1062">
     <span class='ocr_line' id='line_1_6' title="bbox 303 787 2198 874; baseline 0 -25"><span class='ocrx_word' id='word_1_43' title='bbox 303 791 426 850; x_wconf 88' lang='lat' dir='ltr'>fieri</span> <span class='ocrx_word' id='word_1_44' title='bbox 467 809 591 850; x_wconf 90' lang='lat' dir='ltr'>non</span> <span class='ocrx_word' id='word_1_45' title='bbox 634 792 821 868; x_wconf 83' lang='lat' dir='ltr'>potuit</span> <span class='ocrx_word' id='word_1_46' title='bbox 874 791 1053 874; x_wconf 85' lang='lat' dir='ltr'>aliter.</span> <span class='ocrx_word' id='word_1_47' title='bbox 1138 789 1294 848; x_wconf 90' lang='lat' dir='ltr'>Nam</span> <span class='ocrx_word' id='word_1_48' title='bbox 1338 807 1486 867; x_wconf 91' lang='lat' dir='ltr'>quas</span> <span class='ocrx_word' id='word_1_49' title='bbox 1527 787 1711 848; x_wconf 87' lang='lat' dir='ltr'>multo</span> <span class='ocrx_word' id='word_1_50' title='bbox 1752 799 1889 848; x_wconf 82' lang='lat' dir='ltr'>ante</span> <span class='ocrx_word' id='word_1_51' title='bbox 1928 798 2059 849; x_wconf 89' lang='lat' dir='ltr'>tuas</span> <span class='ocrx_word' id='word_1_52' title='bbox 2100 808 2198 851; x_wconf 89' lang='lat' dir='ltr'>ac-</span> 
     </span>
     <span class='ocr_line' id='line_1_7' title="bbox 304 859 2199 966; baseline 0 -18"><span class='ocrx_word' id='word_1_53' title='bbox 304 907 576 966; x_wconf 84' lang='lat' dir='ltr'>ceperam</span> <span class='ocrx_word' id='word_1_54' title='bbox 603 889 833 958; x_wconf 86' lang='lat' dir='ltr'>litteras,</span> <span class='ocrx_word' id='word_1_55' title='bbox 862 888 924 945; x_wconf 89' lang='lat' dir='ltr'>in</span> <span class='ocrx_word' id='word_1_56' title='bbox 950 886 1163 965; x_wconf 88' lang='lat' dir='ltr'>quibus</span> <span class='ocrx_word' id='word_1_57' title='bbox 1191 887 1394 960; x_wconf 68' lang='grc' dir='ltr'>ἐπέχειν</span> <span class='ocrx_word' id='word_1_58' title='bbox 1426 898 1483 948; x_wconf 89' lang='lat' dir='ltr'>te</span> <span class='ocrx_word' id='word_1_59' title='bbox 1512 859 1844 964; x_wconf 74' lang='lat' dir='ltr'>scripse⁸ra8,</span> <span class='ocrx_word' id='word_1_60' title='bbox 1872 886 2015 964; x_wconf 82' lang='lat' dir='ltr'>quid</span> <span class='ocrx_word' id='word_1_61' title='bbox 2040 898 2199 949; x_wconf 89' lang='lat' dir='ltr'>esset</span> 
     </span>
     <span class='ocr_line' id='line_1_8' title="bbox 302 984 2198 1062; baseline -0.002 -14"><span class='ocrx_word' id='word_1_62' title='bbox 302 987 444 1048; x_wconf 89' lang='lat' dir='ltr'>mihi</span> <span class='ocrx_word' id='word_1_63' title='bbox 471 986 800 1045; x_wconf 84' lang='lat' dir='ltr'>faciendum</span> <span class='ocrx_word' id='word_1_64' title='bbox 828 986 902 1045; x_wconf 91' lang='lat' dir='ltr'>de</span> <span class='ocrx_word' id='word_1_65' title='bbox 929 984 1327 1060; x_wconf 81' lang='lat' dir='ltr'>relinquendO,</span> <span class='ocrx_word' id='word_1_66' title='bbox 1358 1001 1463 1044; x_wconf 87' lang='lat' dir='ltr'>eae</span> <span class='ocrx_word' id='word_1_67' title='bbox 1497 1003 1593 1044; x_wconf 91' lang='lat' dir='ltr'>me</span> <span class='ocrx_word' id='word_1_68' title='bbox 1622 988 1997 1062; x_wconf 86' lang='lat' dir='ltr'>pungebant;</span> <span class='ocrx_word' id='word_1_69' title='bbox 2039 985 2198 1045; x_wconf 83' lang='lat' dir='ltr'>vide-</span> 
     </span>
    </p>

    <p class='ocr_par' dir='ltr' id='par_1_4' title="bbox 302 1082 2211 3508">
     <span class='ocr_line' id='line_1_9' title="bbox 302 1082 2196 1160; baseline -0.001 -16"><span class='ocrx_word' id='word_1_70' title='bbox 302 1086 445 1144; x_wconf 89' lang='lat' dir='ltr'>bam</span> <span class='ocrx_word' id='word_1_71' title='bbox 471 1085 644 1156; x_wconf 88' lang='lat' dir='ltr'>enim,</span> <span class='ocrx_word' id='word_1_72' title='bbox 675 1102 825 1160; x_wconf 89' lang='lat' dir='ltr'>quae</span> <span class='ocrx_word' id='word_1_73' title='bbox 854 1082 956 1141; x_wconf 91' lang='lat' dir='ltr'>tibi</span> <span class='ocrx_word' id='word_1_74' title='bbox 983 1091 1177 1142; x_wconf 88' lang='lat' dir='ltr'>essent</span> <span class='ocrx_word' id='word_1_75' title='bbox 1203 1083 1395 1156; x_wconf 72' lang='grc' dir='ltr'>ἐποχῆς</span> <span class='ocrx_word' id='word_1_76' title='bbox 1422 1100 1649 1154; x_wconf 89' lang='lat' dir='ltr'>causae,</span> <span class='ocrx_word' id='word_1_77' title='bbox 1679 1094 1737 1142; x_wconf 89' lang='lat' dir='ltr'>et</span> <span class='ocrx_word' id='word_1_78' title='bbox 1762 1093 1927 1142; x_wconf 84' lang='lat' dir='ltr'>erant</span> <span class='ocrx_word' id='word_1_79' title='bbox 1953 1083 2196 1146; x_wconf 83' lang='lat' dir='ltr'>eaedem</span> 
     </span>
     <span class='ocr_line' id='line_1_10' title="bbox 305 1181 2195 1262; baseline -0.001 -19"><span class='ocrx_word' id='word_1_80' title='bbox 305 1184 480 1243; x_wconf 87' lang='lat' dir='ltr'>mihi:</span> <span class='ocrx_word' id='word_1_81' title='bbox 524 1200 709 1262; x_wconf 89' lang='lat' dir='ltr'>puero</span> <span class='ocrx_word' id='word_1_82' title='bbox 736 1184 1000 1242; x_wconf 86' lang='lat' dir='ltr'>tradere?</span> <span class='ocrx_word' id='word_1_83' title='bbox 1042 1181 1201 1242; x_wconf 86' lang='lat' dir='ltr'>fratri</span> <span class='ocrx_word' id='word_1_84' title='bbox 1229 1182 1463 1242; x_wconf 86' lang='lat' dir='ltr'>autem?</span> <span class='ocrx_word' id='word_1_85' title='bbox 1506 1183 1647 1242; x_wconf 90' lang='lat' dir='ltr'>illud</span> <span class='ocrx_word' id='word_1_86' title='bbox 1674 1201 1799 1242; x_wconf 89' lang='lat' dir='ltr'>non</span> <span class='ocrx_word' id='word_1_87' title='bbox 1826 1182 1963 1241; x_wconf 89' lang='lat' dir='ltr'>utile</span> <span class='ocrx_word' id='word_1_88' title='bbox 1990 1183 2195 1256; x_wconf 78' lang='lat' dir='ltr'>nobis3</span> 
     </span>
     <span class='ocr_line' id='line_1_11' title="bbox 304 1280 2201 1359; baseline -0.001 -17"><span class='ocrx_word' id='word_1_89' title='bbox 304 1301 442 1343; x_wconf 88' lang='lat' dir='ltr'>nam</span> <span class='ocrx_word' id='word_1_90' title='bbox 491 1292 718 1359; x_wconf 79' lang='lat' dir='ltr'>praeter</span> <span class='ocrx_word' id='word_1_91' title='bbox 762 1280 994 1339; x_wconf 85' lang='lat' dir='ltr'>fratrem</span> <span class='ocrx_word' id='word_1_92' title='bbox 1047 1298 1225 1340; x_wconf 90' lang='lat' dir='ltr'>nemo</span> <span class='ocrx_word' id='word_1_93' title='bbox 1271 1290 1411 1352; x_wconf 84' lang='lat' dir='ltr'>erat,</span> <span class='ocrx_word' id='word_1_94' title='bbox 1454 1298 1633 1358; x_wconf 86' lang='lat' dir='ltr'>quem</span> <span class='ocrx_word' id='word_1_95' title='bbox 1678 1280 1801 1338; x_wconf 87' lang='lat' dir='ltr'>sine</span> <span class='ocrx_word' id='word_1_96' title='bbox 1844 1280 2201 1344; x_wconf 81' lang='lat' dir='ltr'>contumelia</span> 
     </span>
     <span class='ocr_line' id='line_1_12' title="bbox 306 1375 2201 1457; baseline 0 -19"><span class='ocrx_word' id='word_1_97' title='bbox 306 1378 614 1457; x_wconf 86' lang='lat' dir='ltr'>quaestori,</span> <span class='ocrx_word' id='word_1_98' title='bbox 643 1378 824 1437; x_wconf 89' lang='lat' dir='ltr'>nobili</span> <span class='ocrx_word' id='word_1_99' title='bbox 851 1378 1204 1453; x_wconf 87' lang='lat' dir='ltr'>praesertim,</span> <span class='ocrx_word' id='word_1_100' title='bbox 1226 1376 1590 1436; x_wconf 86' lang='lat' dir='ltr'>anteferrem.</span> <span class='ocrx_word' id='word_1_101' title='bbox 1643 1375 1897 1450; x_wconf 85' lang='lat' dir='ltr'>Tamen,</span> <span class='ocrx_word' id='word_1_102' title='bbox 1920 1377 2062 1438; x_wconf 88' lang='lat' dir='ltr'>dum</span> <span class='ocrx_word' id='word_1_103' title='bbox 2087 1379 2201 1438; x_wconf 87' lang='lat' dir='ltr'>im-</span> 
     </span>
     <span class='ocr_line' id='line_1_13' title="bbox 306 1473 2197 1555; baseline 0.001 -20"><span class='ocrx_word' id='word_1_104' title='bbox 306 1477 562 1555; x_wconf 90' lang='lat' dir='ltr'>pendere</span> <span class='ocrx_word' id='word_1_105' title='bbox 603 1475 800 1536; x_wconf 89' lang='lat' dir='ltr'>Parthi</span> <span class='ocrx_word' id='word_1_106' title='bbox 840 1476 1198 1547; x_wconf 90' lang='lat' dir='ltr'>videbantur,</span> <span class='ocrx_word' id='word_1_107' title='bbox 1241 1484 1553 1536; x_wconf 87' lang='lat' dir='ltr'>statueram</span> <span class='ocrx_word' id='word_1_108' title='bbox 1597 1473 1833 1534; x_wconf 85' lang='lat' dir='ltr'>fratrem</span> <span class='ocrx_word' id='word_1_109' title='bbox 1875 1475 2197 1554; x_wconf 87' lang='lat' dir='ltr'>relinquere</span> 
     </span>
     <span class='ocr_line' id='line_1_14' title="bbox 306 1574 2199 1654; baseline 0.001 -21"><span class='ocrx_word' id='word_1_110' title='bbox 306 1586 406 1633; x_wconf 87' lang='lat' dir='ltr'>aut</span> <span class='ocrx_word' id='word_1_111' title='bbox 448 1575 624 1634; x_wconf 90' lang='lat' dir='ltr'>etiam</span> <span class='ocrx_word' id='word_1_112' title='bbox 664 1575 746 1633; x_wconf 90' lang='lat' dir='ltr'>rei</span> <span class='ocrx_word' id='word_1_113' title='bbox 789 1574 1054 1651; x_wconf 89' lang='lat' dir='ltr'>publicae</span> <span class='ocrx_word' id='word_1_114' title='bbox 1104 1591 1282 1634; x_wconf 87' lang='lat' dir='ltr'>causa</span> <span class='ocrx_word' id='word_1_115' title='bbox 1336 1585 1541 1633; x_wconf 86' lang='lat' dir='ltr'>contra</span> <span class='ocrx_word' id='word_1_116' title='bbox 1588 1584 1825 1654; x_wconf 80' lang='lat' dir='ltr'>senatus</span> <span class='ocrx_word' id='word_1_117' title='bbox 1867 1575 2199 1634; x_wconf 88' lang='lat' dir='ltr'>consultum</span> 
     </span>
     <span class='ocr_line' id='line_1_15' title="bbox 305 1671 2199 1751; baseline 0.001 -20"><span class='ocrx_word' id='word_1_118' title='bbox 305 1673 433 1751; x_wconf 89' lang='lat' dir='ltr'>ipse</span> <span class='ocrx_word' id='word_1_119' title='bbox 473 1691 790 1744; x_wconf 84' lang='lat' dir='ltr'>remanere,</span> <span class='ocrx_word' id='word_1_120' title='bbox 834 1673 934 1749; x_wconf 92' lang='lat' dir='ltr'>qui</span> <span class='ocrx_word' id='word_1_121' title='bbox 975 1680 1365 1749; x_wconf 86' lang='lat' dir='ltr'>posteaquam</span> <span class='ocrx_word' id='word_1_122' title='bbox 1403 1671 1721 1732; x_wconf 86' lang='lat' dir='ltr'>incredibili</span> <span class='ocrx_word' id='word_1_123' title='bbox 1770 1671 2035 1730; x_wconf 85' lang='lat' dir='ltr'>felici-tate</span> <span class='ocrx_word' id='word_1_124' title='bbox 2082 1673 2199 1732; x_wconf 86' lang='lat' dir='ltr'>dis-</span> 
     </span>
     <span class='ocr_line' id='line_1_16' title="bbox 307 1767 2196 1847; baseline 0.001 -17"><span class='ocrx_word' id='word_1_125' title='bbox 307 1781 618 1847; x_wconf 80' lang='lat' dir='ltr'>cesserunt,</span> <span class='ocrx_word' id='word_1_126' title='bbox 676 1771 899 1830; x_wconf 88' lang='lat' dir='ltr'>sublata</span> <span class='ocrx_word' id='word_1_127' title='bbox 953 1769 1235 1830; x_wconf 87' lang='lat' dir='ltr'>dubitatio</span> <span class='ocrx_word' id='word_1_128' title='bbox 1290 1778 1397 1829; x_wconf 88' lang='lat' dir='ltr'>est.</span> <span class='ocrx_word' id='word_1_129' title='bbox 1499 1767 1793 1827; x_wconf 88' lang='lat' dir='ltr'>Videbam</span> <span class='ocrx_word' id='word_1_130' title='bbox 1850 1784 2196 1830; x_wconf 82' lang='lat' dir='ltr'>sermones:</span> 
     </span>
     <span class='ocr_line' id='line_1_17' title="bbox 309 1862 2197 1944; baseline -0.001 -17"><span class='ocrx_word' id='word_1_131' title='bbox 309 1874 324 1899; x_wconf 90' lang='lat'>‘</span> <span class='ocrx_word' id='word_1_132' title='bbox 348 1862 476 1939; x_wconf 85' lang='lat' dir='ltr'>hui,&#39;</span> <span class='ocrx_word' id='word_1_133' title='bbox 493 1868 726 1929; x_wconf 82' lang='lat' dir='ltr'>fratrem</span> <span class='ocrx_word' id='word_1_134' title='bbox 751 1869 1006 1944; x_wconf 83' lang='lat' dir='ltr'>reliquit!</span> <span class='ocrx_word' id='word_1_135' title='bbox 1049 1885 1192 1926; x_wconf 87' lang='lat' dir='ltr'>num</span> <span class='ocrx_word' id='word_1_136' title='bbox 1233 1877 1323 1927; x_wconf 92' lang='lat' dir='ltr'>est</span> <span class='ocrx_word' id='word_1_137' title='bbox 1363 1865 1479 1926; x_wconf 89' lang='lat' dir='ltr'>hoc</span> <span class='ocrx_word' id='word_1_138' title='bbox 1508 1883 1632 1925; x_wconf 90' lang='lat' dir='ltr'>non</span> <span class='ocrx_word' id='word_1_139' title='bbox 1659 1865 1789 1942; x_wconf 91' lang='lat' dir='ltr'>plus</span> <span class='ocrx_word' id='word_1_140' title='bbox 1829 1879 2049 1924; x_wconf 86' lang='lat' dir='ltr'>annum</span> <span class='ocrx_word' id='word_1_141' title='bbox 2090 1867 2197 1925; x_wconf 92' lang='lat' dir='ltr'>ob·</span> 
     </span>
     <span class='ocr_line' id='line_1_18' title="bbox 308 1964 2197 2045; baseline -0.002 -17"><span class='ocrx_word' id='word_1_142' title='bbox 308 1970 487 2028; x_wconf 90' lang='lat' dir='ltr'>tinere</span> <span class='ocrx_word' id='word_1_143' title='bbox 527 1968 927 2045; x_wconf 85' lang='lat' dir='ltr'>provinciam?</span> <span class='ocrx_word' id='word_1_144' title='bbox 969 1967 1129 2044; x_wconf 91' lang='lat' dir='ltr'>quid,</span> <span class='ocrx_word' id='word_1_145' title='bbox 1175 1965 1340 2044; x_wconf 91' lang='lat' dir='ltr'>quod</span> <span class='ocrx_word' id='word_1_146' title='bbox 1384 1977 1619 2025; x_wconf 87' lang='lat' dir='ltr'>senatus</span> <span class='ocrx_word' id='word_1_147' title='bbox 1654 1982 1758 2023; x_wconf 86' lang='lat' dir='ltr'>eos</span> <span class='ocrx_word' id='word_1_148' title='bbox 1801 1964 1985 2023; x_wconf 84' lang='lat' dir='ltr'>voluit</span> <span class='ocrx_word' id='word_1_149' title='bbox 2028 1983 2197 2043; x_wconf 88' lang='lat' dir='ltr'>prae·</span> 
     </span>
     <span class='ocr_line' id='line_1_19' title="bbox 309 2061 2195 2143; baseline -0.002 -16"><span class='ocrx_word' id='word_1_150' title='bbox 309 2085 438 2127; x_wconf 90' lang='lat' dir='ltr'>esse</span> <span class='ocrx_word' id='word_1_151' title='bbox 477 2066 806 2143; x_wconf 87' lang='lat' dir='ltr'>provinciis,</span> <span class='ocrx_word' id='word_1_152' title='bbox 842 2065 943 2143; x_wconf 91' lang='lat' dir='ltr'>qui</span> <span class='ocrx_word' id='word_1_153' title='bbox 983 2083 1107 2124; x_wconf 91' lang='lat' dir='ltr'>non</span> <span class='ocrx_word' id='word_1_154' title='bbox 1149 2063 1571 2142; x_wconf 84' lang='lat' dir='ltr'>praefuissent?</span> <span class='ocrx_word' id='word_1_155' title='bbox 1613 2072 1676 2123; x_wconf 90' lang='lat' dir='ltr'>at</span> <span class='ocrx_word' id='word_1_156' title='bbox 1714 2061 1809 2122; x_wconf 90' lang='lat' dir='ltr'>hic</span> <span class='ocrx_word' id='word_1_157' title='bbox 1849 2062 2195 2123; x_wconf 70' lang='lat' dir='ltr'>triennium.²</span> 
     </span>
     <span class='ocr_line' id='line_1_20' title="bbox 312 2159 2200 2240; baseline -0.002 -15"><span class='ocrx_word' id='word_1_158' title='bbox 312 2183 371 2238; x_wconf 86' lang='lat'>4.</span> <span class='ocrx_word' id='word_1_159' title='bbox 411 2164 575 2240; x_wconf 80' lang='lat' dir='ltr'>Ergo</span> <span class='ocrx_word' id='word_1_160' title='bbox 615 2162 760 2223; x_wconf 91' lang='lat' dir='ltr'>haec</span> <span class='ocrx_word' id='word_1_161' title='bbox 801 2162 879 2223; x_wconf 87' lang='lat' dir='ltr'>ad</span> <span class='ocrx_word' id='word_1_162' title='bbox 919 2161 1222 2239; x_wconf 87' lang='lat' dir='ltr'>populum.</span> <span class='ocrx_word' id='word_1_163' title='bbox 1306 2161 1483 2233; x_wconf 90' lang='lat' dir='ltr'>Quid,</span> <span class='ocrx_word' id='word_1_164' title='bbox 1524 2179 1676 2238; x_wconf 90' lang='lat' dir='ltr'>quae</span> <span class='ocrx_word' id='word_1_165' title='bbox 1718 2161 1949 2220; x_wconf 88' lang='lat' dir='ltr'>tecum?</span> <span class='ocrx_word' id='word_1_166' title='bbox 2012 2159 2200 2223; x_wconf 89' lang='lat' dir='ltr'>Num-</span> 
     </span>
     <span class='ocr_line' id='line_1_21' title="bbox 314 2258 2205 2341; baseline 0.001 -20"><span class='ocrx_word' id='word_1_167' title='bbox 314 2280 492 2341; x_wconf 79' lang='lat' dir='ltr'>quam</span> <span class='ocrx_word' id='word_1_168' title='bbox 519 2279 711 2321; x_wconf 89' lang='lat' dir='ltr'>essem</span> <span class='ocrx_word' id='word_1_169' title='bbox 741 2261 866 2319; x_wconf 88' lang='lat' dir='ltr'>sine</span> <span class='ocrx_word' id='word_1_170' title='bbox 895 2278 1051 2332; x_wconf 87' lang='lat' dir='ltr'>cura,</span> <span class='ocrx_word' id='word_1_171' title='bbox 1079 2260 1127 2319; x_wconf 90' lang='lat' dir='ltr'>si</span> <span class='ocrx_word' id='word_1_172' title='bbox 1165 2260 1308 2337; x_wconf 92' lang='lat' dir='ltr'>quid</span> <span class='ocrx_word' id='word_1_173' title='bbox 1335 2258 1666 2319; x_wconf 85' lang='lat' dir='ltr'>iracundius</span> <span class='ocrx_word' id='word_1_174' title='bbox 1693 2269 1792 2319; x_wconf 84' lang='lat' dir='ltr'>aut</span> <span class='ocrx_word' id='word_1_175' title='bbox 1819 2260 2205 2322; x_wconf 85' lang='lat' dir='ltr'>contumelio.-</span> 
     </span>
     <span class='ocr_line' id='line_1_22' title="bbox 316 2352 2211 2435; baseline 0 -16"><span class='ocrx_word' id='word_1_176' title='bbox 316 2361 435 2420; x_wconf 87' lang='lat' dir='ltr'>sius</span> <span class='ocrx_word' id='word_1_177' title='bbox 475 2369 574 2417; x_wconf 89' lang='lat' dir='ltr'>aut</span> <span class='ocrx_word' id='word_1_178' title='bbox 615 2352 1030 2435; x_wconf 72' lang='lat' dir='ltr'>negle‘gentiuS,</span> <span class='ocrx_word' id='word_1_179' title='bbox 1060 2376 1206 2434; x_wconf 91' lang='lat' dir='ltr'>quae</span> <span class='ocrx_word' id='word_1_180' title='bbox 1235 2356 1345 2416; x_wconf 83' lang='lat' dir='ltr'>fert</span> <span class='ocrx_word' id='word_1_181' title='bbox 1385 2358 1499 2417; x_wconf 88' lang='lat' dir='ltr'>vita</span> <span class='ocrx_word' id='word_1_182' title='bbox 1538 2357 1863 2417; x_wconf 83' lang='lat' dir='ltr'>hominum.</span> <span class='ocrx_word' id='word_1_183' title='bbox 1946 2356 2125 2431; x_wconf 90' lang='lat' dir='ltr'>Quid,</span> <span class='ocrx_word' id='word_1_184' title='bbox 2153 2358 2211 2419; x_wconf 82' lang='lat' dir='ltr'>si-</span> 
     </span>
     <span class='ocr_line' id='line_1_23' title="bbox 315 2454 2203 2536; baseline 0.001 -20"><span class='ocrx_word' id='word_1_185' title='bbox 315 2457 454 2536; x_wconf 90' lang='lat' dir='ltr'>quid</span> <span class='ocrx_word' id='word_1_186' title='bbox 482 2456 630 2514; x_wconf 83' lang='lat' dir='ltr'>filius</span> <span class='ocrx_word' id='word_1_187' title='bbox 657 2474 802 2531; x_wconf 90' lang='lat' dir='ltr'>puer</span> <span class='ocrx_word' id='word_1_188' title='bbox 831 2465 889 2516; x_wconf 93' lang='lat' dir='ltr'>et</span> <span class='ocrx_word' id='word_1_189' title='bbox 916 2473 1061 2530; x_wconf 90' lang='lat' dir='ltr'>puer</span> <span class='ocrx_word' id='word_1_190' title='bbox 1103 2455 1253 2515; x_wconf 89' lang='lat' dir='ltr'>bene</span> <span class='ocrx_word' id='word_1_191' title='bbox 1283 2456 1393 2514; x_wconf 89' lang='lat' dir='ltr'>sibi</span> <span class='ocrx_word' id='word_1_192' title='bbox 1413 2454 1639 2517; x_wconf 90' lang='lat' dir='ltr'>fidens?</span> <span class='ocrx_word' id='word_1_193' title='bbox 1680 2457 1781 2533; x_wconf 86' lang='lat' dir='ltr'>qui</span> <span class='ocrx_word' id='word_1_194' title='bbox 1806 2465 1965 2516; x_wconf 88' lang='lat' dir='ltr'>esset</span> <span class='ocrx_word' id='word_1_195' title='bbox 1991 2456 2203 2518; x_wconf 90' lang='lat' dir='ltr'>dolor?</span> 
     </span>
     <span class='ocr_line' id='line_1_24' title="bbox 315 2552 2205 2634; baseline -0.001 -19"><span class='ocrx_word' id='word_1_196' title='bbox 315 2573 493 2634; x_wconf 91' lang='lat' dir='ltr'>quem</span> <span class='ocrx_word' id='word_1_197' title='bbox 545 2564 709 2631; x_wconf 91' lang='lat' dir='ltr'>pater</span> <span class='ocrx_word' id='word_1_198' title='bbox 763 2570 888 2611; x_wconf 90' lang='lat' dir='ltr'>non</span> <span class='ocrx_word' id='word_1_199' title='bbox 942 2552 1263 2613; x_wconf 85' lang='lat' dir='ltr'>dimittebat</span> <span class='ocrx_word' id='word_1_200' title='bbox 1317 2563 1491 2630; x_wconf 89' lang='lat' dir='ltr'>teque</span> <span class='ocrx_word' id='word_1_201' title='bbox 1550 2553 1612 2613; x_wconf 92' lang='lat' dir='ltr'>id</span> <span class='ocrx_word' id='word_1_202' title='bbox 1664 2572 1906 2614; x_wconf 89' lang='lat' dir='ltr'>censere</span> <span class='ocrx_word' id='word_1_203' title='bbox 1958 2555 2205 2614; x_wconf 89' lang='lat' dir='ltr'>moleste</span> 
     </span>
     <span class='ocr_line' id='line_1_25' title="bbox 315 2647 2203 2729; baseline -0.001 -16"><span class='ocrx_word' id='word_1_204' title='bbox 315 2653 550 2713; x_wconf 89' lang='lat' dir='ltr'>ferebat.</span> <span class='ocrx_word' id='word_1_205' title='bbox 631 2650 714 2709; x_wconf 92' lang='lat' dir='ltr'>At</span> <span class='ocrx_word' id='word_1_206' title='bbox 750 2667 907 2708; x_wconf 87' lang='lat' dir='ltr'>nunc</span> <span class='ocrx_word' id='word_1_207' title='bbox 935 2647 1185 2721; x_wconf 86' lang='lat' dir='ltr'>Caelius,</span> <span class='ocrx_word' id='word_1_208' title='bbox 1214 2666 1338 2709; x_wconf 90' lang='lat' dir='ltr'>non</span> <span class='ocrx_word' id='word_1_209' title='bbox 1374 2652 1509 2711; x_wconf 87' lang='lat' dir='ltr'>dico</span> <span class='ocrx_word' id='word_1_210' title='bbox 1536 2652 1813 2729; x_wconf 88' lang='lat' dir='ltr'>equidem</span> <span class='ocrx_word' id='word_1_211' title='bbox 1837 2651 1979 2728; x_wconf 91' lang='lat' dir='ltr'>quid</span> <span class='ocrx_word' id='word_1_212' title='bbox 2007 2653 2203 2727; x_wconf 87' lang='lat' dir='ltr'>egerit,</span> 
     </span>
     <span class='ocr_line' id='line_1_26' title="bbox 317 2746 2203 2826; baseline -0.004 -13"><span class='ocrx_word' id='word_1_213' title='bbox 317 2752 423 2813; x_wconf 85' lang='lat' dir='ltr'>sed</span> <span class='ocrx_word' id='word_1_214' title='bbox 449 2760 648 2809; x_wconf 85' lang='lat' dir='ltr'>tamen</span> <span class='ocrx_word' id='word_1_215' title='bbox 673 2748 858 2806; x_wconf 89' lang='lat' dir='ltr'>multo</span> <span class='ocrx_word' id='word_1_216' title='bbox 894 2748 1087 2806; x_wconf 90' lang='lat' dir='ltr'>minus</span> <span class='ocrx_word' id='word_1_217' title='bbox 1125 2746 1344 2809; x_wconf 87' lang='lat' dir='ltr'>laboro.</span> <span class='ocrx_word' id='word_1_218' title='bbox 1426 2748 1595 2809; x_wconf 84' lang='lat' dir='ltr'>Adde</span> <span class='ocrx_word' id='word_1_219' title='bbox 1624 2749 1803 2809; x_wconf 84' lang='lat' dir='ltr'>illud:</span> <span class='ocrx_word' id='word_1_220' title='bbox 1871 2748 2203 2826; x_wconf 89' lang='lat' dir='ltr'>Pompeius,</span> 
     </span>
     <span class='ocr_line' id='line_1_27' title="bbox 316 2843 2202 2922; baseline -0.002 -15"><span class='ocrx_word' id='word_1_221' title='bbox 316 2865 391 2907; x_wconf 90' lang='lat' dir='ltr'>eo</span> <span class='ocrx_word' id='word_1_222' title='bbox 417 2846 628 2905; x_wconf 86' lang='lat' dir='ltr'>robore</span> <span class='ocrx_word' id='word_1_223' title='bbox 654 2846 755 2915; x_wconf 84' lang='lat' dir='ltr'>vir,</span> <span class='ocrx_word' id='word_1_224' title='bbox 786 2845 854 2902; x_wconf 87' lang='lat' dir='ltr'>iis</span> <span class='ocrx_word' id='word_1_225' title='bbox 882 2844 1189 2916; x_wconf 75' lang='lat' dir='ltr'>radicibuS,</span> <span class='ocrx_word' id='word_1_226' title='bbox 1219 2844 1299 2919; x_wconf 89' lang='lat' dir='ltr'>Q.</span> <span class='ocrx_word' id='word_1_227' title='bbox 1328 2843 1597 2905; x_wconf 89' lang='lat' dir='ltr'>Cassium</span> <span class='ocrx_word' id='word_1_228' title='bbox 1634 2847 1761 2907; x_wconf 87' lang='lat' dir='ltr'>sine</span> <span class='ocrx_word' id='word_1_229' title='bbox 1791 2857 1945 2905; x_wconf 86' lang='lat' dir='ltr'>sorte</span> <span class='ocrx_word' id='word_1_230' title='bbox 1972 2845 2202 2922; x_wconf 86' lang='lat' dir='ltr'>delegit,</span> 
     </span>
     <span class='ocr_line' id='line_1_28' title="bbox 319 2942 2205 3017; baseline 0 -13"><span class='ocrx_word' id='word_1_231' title='bbox 319 2943 536 3004; x_wconf 90' lang='lat' dir='ltr'>Caesar</span> <span class='ocrx_word' id='word_1_232' title='bbox 563 2942 921 3014; x_wconf 86' lang='lat' dir='ltr'>Antonium;</span> <span class='ocrx_word' id='word_1_233' title='bbox 964 2959 1080 3017; x_wconf 88' lang='lat' dir='ltr'>ego</span> <span class='ocrx_word' id='word_1_234' title='bbox 1109 2952 1262 3001; x_wconf 87' lang='lat' dir='ltr'>sorte</span> <span class='ocrx_word' id='word_1_235' title='bbox 1292 2944 1492 3002; x_wconf 88' lang='lat' dir='ltr'>datum</span> <span class='ocrx_word' id='word_1_236' title='bbox 1528 2944 1907 3017; x_wconf 86' lang='lat' dir='ltr'>offenderem,</span> <span class='ocrx_word' id='word_1_237' title='bbox 1934 2954 2000 3004; x_wconf 93' lang='lat' dir='ltr'>ut</span> <span class='ocrx_word' id='word_1_238' title='bbox 2026 2944 2205 3005; x_wconf 85' lang='lat' dir='ltr'>etiam</span> 
     </span>
     <span class='ocr_line' id='line_1_29' title="bbox 317 3040 2205 3118; baseline 0.002 -18"><span class='ocrx_word' id='word_1_239' title='bbox 317 3042 629 3118; x_wconf 91' lang='lat' dir='ltr'>inquireret</span> <span class='ocrx_word' id='word_1_240' title='bbox 681 3040 744 3097; x_wconf 93' lang='lat' dir='ltr'>in</span> <span class='ocrx_word' id='word_1_241' title='bbox 791 3056 943 3111; x_wconf 91' lang='lat' dir='ltr'>eum,</span> <span class='ocrx_word' id='word_1_242' title='bbox 989 3056 1166 3115; x_wconf 89' lang='lat' dir='ltr'>quem</span> <span class='ocrx_word' id='word_1_243' title='bbox 1221 3040 1618 3117; x_wconf 86' lang='lat' dir='ltr'>reliquissem?</span> <span class='ocrx_word' id='word_1_244' title='bbox 1690 3041 1830 3102; x_wconf 90' lang='lat' dir='ltr'>Hoc</span> <span class='ocrx_word' id='word_1_245' title='bbox 1876 3042 2103 3114; x_wconf 89' lang='lat' dir='ltr'>melius,</span> <span class='ocrx_word' id='word_1_246' title='bbox 2147 3054 2205 3103; x_wconf 93' lang='lat' dir='ltr'>et</span> 
     </span>
     <span class='ocr_line' id='line_1_30' title="bbox 316 3137 2205 3215; baseline 0.002 -18"><span class='ocrx_word' id='word_1_247' title='bbox 316 3138 486 3197; x_wconf 90' lang='lat' dir='ltr'>huius</span> <span class='ocrx_word' id='word_1_248' title='bbox 533 3138 614 3197; x_wconf 89' lang='lat' dir='ltr'>rei</span> <span class='ocrx_word' id='word_1_249' title='bbox 658 3137 822 3214; x_wconf 85' lang='lat' dir='ltr'>plura</span> <span class='ocrx_word' id='word_1_250' title='bbox 863 3137 1150 3213; x_wconf 82' lang='lat' dir='ltr'>exempla,</span> <span class='ocrx_word' id='word_1_251' title='bbox 1190 3138 1470 3197; x_wconf 85' lang='lat' dir='ltr'>senectuti</span> <span class='ocrx_word' id='word_1_252' title='bbox 1514 3140 1753 3214; x_wconf 90' lang='lat' dir='ltr'>quidem</span> <span class='ocrx_word' id='word_1_253' title='bbox 1793 3149 2028 3201; x_wconf 88' lang='lat' dir='ltr'>nostrae</span> <span class='ocrx_word' id='word_1_254' title='bbox 2070 3158 2205 3215; x_wconf 92' lang='lat' dir='ltr'>pro-</span> 
     </span>
     <span class='ocr_line' id='line_1_31' title="bbox 317 3235 2205 3314; baseline 0.001 -19"><span class='ocrx_word' id='word_1_255' title='bbox 317 3236 472 3295; x_wconf 84' lang='lat' dir='ltr'>fecto</span> <span class='ocrx_word' id='word_1_256' title='bbox 499 3236 704 3311; x_wconf 87' lang='lat' dir='ltr'>aptius.</span> <span class='ocrx_word' id='word_1_257' title='bbox 792 3236 870 3293; x_wconf 92' lang='lat' dir='ltr'>At</span> <span class='ocrx_word' id='word_1_258' title='bbox 906 3245 964 3293; x_wconf 90' lang='lat' dir='ltr'>te</span> <span class='ocrx_word' id='word_1_259' title='bbox 993 3235 1151 3311; x_wconf 88' lang='lat' dir='ltr'>apud</span> <span class='ocrx_word' id='word_1_260' title='bbox 1178 3254 1332 3305; x_wconf 88' lang='lat' dir='ltr'>eum,</span> <span class='ocrx_word' id='word_1_261' title='bbox 1363 3235 1420 3295; x_wconf 89' lang='lat' dir='ltr'>di</span> <span class='ocrx_word' id='word_1_262' title='bbox 1460 3236 1636 3295; x_wconf 73' lang='lat' dir='ltr'>boni!</span> <span class='ocrx_word' id='word_1_263' title='bbox 1679 3248 1897 3313; x_wconf 84' lang='lat' dir='ltr'>quanta</span> <span class='ocrx_word' id='word_1_264' title='bbox 1931 3237 1994 3297; x_wconf 86' lang='lat' dir='ltr'>in</span> <span class='ocrx_word' id='word_1_265' title='bbox 2019 3239 2205 3314; x_wconf 82' lang='lat' dir='ltr'>gratia</span> 
     </span>
     <span class='ocr_line' id='line_1_32' title="bbox 315 3332 2206 3412; baseline 0.001 -20"><span class='ocrx_word' id='word_1_266' title='bbox 315 3334 506 3412; x_wconf 89' lang='lat' dir='ltr'>posui,</span> <span class='ocrx_word' id='word_1_267' title='bbox 535 3334 704 3410; x_wconf 91' lang='lat' dir='ltr'>eique</span> <span class='ocrx_word' id='word_1_268' title='bbox 731 3333 841 3409; x_wconf 87' lang='lat' dir='ltr'>legi</span> <span class='ocrx_word' id='word_1_269' title='bbox 871 3332 1087 3392; x_wconf 90' lang='lat' dir='ltr'>litteras</span> <span class='ocrx_word' id='word_1_270' title='bbox 1125 3351 1248 3391; x_wconf 86' lang='lat' dir='ltr'>nou</span> <span class='ocrx_word' id='word_1_271' title='bbox 1289 3344 1433 3403; x_wconf 89' lang='lat' dir='ltr'>tuas,</span> <span class='ocrx_word' id='word_1_272' title='bbox 1465 3334 1571 3393; x_wconf 93' lang='lat' dir='ltr'>sed</span> <span class='ocrx_word' id='word_1_273' title='bbox 1611 3336 1820 3393; x_wconf 86' lang='lat' dir='ltr'>librarii</span> <span class='ocrx_word' id='word_1_274' title='bbox 1857 3336 1955 3395; x_wconf 90' lang='lat' dir='ltr'>tui.</span> <span class='ocrx_word' id='word_1_275' title='bbox 2040 3334 2206 3393; x_wconf 85' lang='lat' dir='ltr'>Ami-</span> 
     </span>
     <span class='ocr_line' id='line_1_33' title="bbox 315 3431 2209 3508; baseline 0.003 -17"><span class='ocrx_word' id='word_1_276' title='bbox 315 3448 524 3505; x_wconf 71' lang='lat' dir='ltr'>corum</span> <span class='ocrx_word' id='word_1_277' title='bbox 563 3432 782 3492; x_wconf 88' lang='lat' dir='ltr'>litterae</span> <span class='ocrx_word' id='word_1_278' title='bbox 820 3450 916 3491; x_wconf 89' lang='lat' dir='ltr'>me</span> <span class='ocrx_word' id='word_1_279' title='bbox 941 3431 1018 3493; x_wconf 88' lang='lat' dir='ltr'>ad</span> <span class='ocrx_word' id='word_1_280' title='bbox 1054 3431 1411 3508; x_wconf 87' lang='lat' dir='ltr'>triumphum</span> <span class='ocrx_word' id='word_1_281' title='bbox 1449 3444 1680 3506; x_wconf 84' lang='lat' dir='ltr'>vocant,</span> <span class='ocrx_word' id='word_1_282' title='bbox 1706 3450 1830 3493; x_wconf 87' lang='lat' dir='ltr'>rem</span> <span class='ocrx_word' id='word_1_283' title='bbox 1859 3452 1895 3493; x_wconf 89' lang='lat' dir='ltr'>a</span> <span class='ocrx_word' id='word_1_284' title='bbox 1926 3432 2114 3504; x_wconf 80' lang='lat' dir='ltr'>nobiS,</span> <span class='ocrx_word' id='word_1_285' title='bbox 2140 3444 2209 3497; x_wconf 86' lang='lat' dir='ltr'>ut</span> 
     </span>
    </p>
   </div>
  </div>
 </body>
</html>
