2642 3925
304 261 388 323 Ep.
428 246 564 330 104]
722 258 946 309 EPIST.
991 260 1090 307 AD
1132 258 1459 316 ATTJCUM
1500 261 1653 308 xm.
1701 261 1804 329 52.
2067 235 2218 329 219'

303 408 632 480 Mamurra3
676 427 797 467 non
828 409 1082 468 mutavit.
1165 408 1396 469 Unctus
1425 418 1530 482 est,
1561 408 1843 468 accubuit.
1931 408 2193 479 Ἐμετικὴν

302 509 545 583 agebat3
589 509 782 584 itaque
820 517 876 565 et
918 508 1039 566 edit
1077 517 1134 565 et
1176 508 1320 566 bibit
1365 510 1522 566 ἀδεῶς
1559 516 1617 566 et
1658 507 1923 578 iucunde,
1953 508 2193 583 opipare

302 623 440 664 sane
472 616 528 664 et
556 614 848 682 apparate,
880 625 988 665 nec
1017 605 1076 665 id
1106 608 1316 679 solum,
1349 606 1452 665 sed

1503 728 1622 778 bene
1654 733 1804 786 coct‘o,

628 809 831 867 condito,
866 825 1076 859 sermone
1108 810 1235 858 bono
1268 822 1334 867 et,
1368 812 1405 860 si
1440 809 1626 873 quaeri',
1659 811 1866 859 libenter.
1899 804 1911 818 ⁸

305 937 357 978 2.
408 916 714 976 Praeterea
761 918 943 996 tribus
993 918 1246 978 tricliniis
1295 919 1523 994 accepti
1571 923 1620 976 οἱ
1665 923 1782 993 περὶ
1828 921 1984 975 αὐτὸν
2028 919 2194 978 valde

300 1016 540 1091 copiose
558 1032 573 1085 ;
605 1016 828 1074 'libertis
858 1016 1048 1075 minus
1078 1015 1245 1088 lautis
1289 1018 1581 1092 servisque
1620 1016 1761 1074 nihil
1796 1016 2010 1075 defuit:
2053 1036 2195 1075 nam

299 1112 572 1171 lautiores
619 1114 910 1189 eleganter
958 1115 1197 1189 accepti.
1286 1113 1447 1185 Quid
1499 1114 1716 1172 multa?
1774 1113 2041 1172 homines
2091 1116 2194 1172 visi

299 1228 521 1270 sumus,
605 1210 846 1287 Hospes
888 1222 1081 1270 tamen
1123 1230 1246 1269 non
1297 1213 1365 1282 is,
1406 1214 1499 1271 cui
1543 1212 1796 1271 diceres:
1829 1216 1844 1242 ‘
1865 1213 2077 1270 amabo
2119 1224 2192 1283 te,

297 1303 517 1366 eodem
545 1308 620 1367 ad
646 1327 759 1380 me,
783 1327 917 1368 cum
945 1306 1260 1367 revertere!
1337 1308 1531 1366 Semel
1561 1311 1699 1368 satis
1726 1318 1832 1368 est.
1916 1313 2197 1366 Σπουδαῖοιο

296 1408 452 1464 οὐδὲν
489 1406 550 1464 in
591 1393 877 1477 sermone,
907 1409 1171 1480 φιλόλογα
1212 1405 1412 1465 multa.
1498 1406 1659 1478 Quid
1699 1408 1965 1485 quaeris?
2009 1406 2196 1466 delec-

295 1515 455 1564 tatus
494 1515 582 1563 est
618 1514 675 1562 et
712 1503 953 1563 libenter
990 1503 1111 1563 fuit.
1194 1502 1450 1563 Puteolis
1491 1522 1554 1562 se
1597 1505 1785 1563 aiebat
1821 1523 2005 1563 unum
2040 1501 2197 1564 diem

296 1603 445 1674 fore,
466 1603 708 1661 alterum
737 1601 813 1659 ad
842 1600 1028 1660 Baias.
1101 1600 1309 1660 Habes
1338 1602 1659 1678 hospitium
1689 1602 1803 1661 sive
1832 1604 2197 1674 ἐπισταθμείαν

296 1702 573 1760 odiosam
623 1700 781 1771 mihi,
827 1700 962 1771 dixr,
1005 1717 1125 1757 non
1168 1699 1492 1758 molestam.
1575 1698 1708 1778 Ego
1750 1700 2040 1776 paulisper
2081 1701 2193 1772 hic,

295 1798 516 1859 deinde
556 1798 617 1855 in
652 1797 1069 1856 Tusculanum.
1152 1795 1493 1856 Dolabellae
1535 1797 1722 1855 villam
1767 1815 1901 1855 cum
1944 1808 2197 1872 praeter-

294 1900 425 1967 iret,
450 1896 644 1953 omnis
672 1905 1026 1954 armatorum
1054 1894 1227 1972 copia
1255 1895 1457 1954 dextra
1485 1896 1710 1953 sinistra
1739 1895 1813 1952 ad
1841 1911 2058 1972 equum
2085 1908 2196 1952 nec

293 2012 555 2073 usquam
581 1993 733 2053 alibi.
820 1992 958 2053 Hoc
986 2011 1058 2052 ex
1087 1991 1272 2052 Nicia.
