2642 3925
268 254 354 317 Ep.
383 235 496 326 31.]
726 251 949 303 sptsr.
990 251 1091 307 An
1131 251 1462 302 Arrtemn
1509 254 1570 306 ν.
1608 260 1708 305 11.
2072 262 2150 326 91

264 402 507 479 flagrem
550 401 838 463 desiderio
879 403 1052 473 urbiS,
1092 420 1271 479 quam
1314 402 1407 462 vix
1449 402 1656 463 harum
1691 421 1888 462 rerum
1931 402 2159 467 insulsi-

264 510 443 559 tatem
488 499 685 560 feram.
782 519 834 558 2.
884 499 1193 560 Marcellus
1235 499 1407 559 foede
1450 500 1509 559 in
1553 500 1871 560 Comensi:
1916 504 2022 568 etsi
2064 504 2156 564 ille

264 599 663 674 magistratum
732 615 856 658 non
922 596 1181 673 gesserit,
1235 607 1358 655 erat
1427 606 1624 657 tamen
1679 597 2157 675 Transpadanus,

264 694 355 754 Ita
380 694 522 755 mihi
549 694 769 766 videtur
796 712 922 752 non·
947 694 1139 772 minus
1168 694 1454 753 stomachi
1481 706 1682 756 nostro
1723 716 1889 772 quam
1917 695 2155 758 Caesari

264 792 506 864 fecisse3
551 792 655 851 sed
693 792 807 851 hoc
839 792 965 869 ipse
1001 792 1219 851 viderit.
1305 811 1361 868 3.
1404 792 1723 871 Pompeius
1751 794 1889 851 mihi
1918 812 2156 871 quoque

262 891 576 960 videbatur,
619 890 780 966 quod
826 889 1027 948 scribis
1070 888 1403 949 Varronem
1446 891 1655 967 dicere,
1700 892 1760 950 in
1805 890 2157 968 Hispaniam

264 999 418 1048 certe
485 989 701 1048 iturus:
771 988 833 1048 id
898 1005 1013 1064 ego
1074 988 1312 1047 minime
1368 990 1710 1066 probabam,
1765 990 1863 1066 qui
1919 991 2158 1066 quidem

264 1085 618 1162 Theophani
667 1085 835 1145 facile
876 1086 1136 1162 persuasi
1178 1085 1320 1144 nihil
1361 1104 1490 1145 esse
1531 1087 1737 1147 melius
1778 1105 1956 1165 quam
1998 1087 2159 1145 illum

262 1201 555 1259 nusquam
578 1181 891 1242 discedere.
973 1181 1134 1258 Ergo
1157 1182 1425 1244 Graecus
1445 1184 1762 1258 incumbet3
1793 1185 1941 1243 valet
1963 1195 2158 1242 autem

263 1281 574 1339 auctoritas
628 1281 753 1340 eius
807 1280 966 1357 apud
1014 1281 1174 1339 illum
1218 1281 1551 1357 plurimum.
1636 1301 1693 1355 4.
1735 1281 1868 1358 Ego
1916 1281 2021 1340 has
2071 1300 2155 1358 pr.

263 1378 474 1438 Nonas
497 1377 821 1451 Quinctiles
842 1379 1220 1455 proficiscens
1243 1378 1492 1443 Athenis
1515 1379 1665 1451 dedi,
1686 1397 1820 1439 cum
1842 1380 1921 1438 ibi
1952 1378 2159 1439 decem

260 1478 424 1554 ipsos
464 1475 703 1559 fuissem
747 1476 888 1536 dies.
976 1476 1234 1536 Venerat
1275 1476 1652 1553 Pomptinus;
1703 1496 1822 1537 una
1865 1477 1975 1539 Cn.
2013 1477 2160 1537 Vol-

259 1574 441 1645 usiuS,
460 1574 657 1634 aderat
678 1586 984 1652 quaestor;
1014 1584 1147 1634 tuus
1166 1593 1319 1635 unus
1338 1574 1565 1635 Tullius
1587 1577 1801 1636 aberat.
1856 1576 2161 1653 Aphracta

262 1671 630 1730 Rhodiorum
660 1683 717 1732 et
744 1672 966 1732 dicrota
996 1672 1481 1749 Mytilenaeorum
1518 1673 1807 1732 habebam
1842 1683 1901 1732 et
1941 1674 2159 1750 aliquid

262 1772 544 1828 ἐπικώπων.
629 1769 724 1829 De
753 1769 980 1829 Parthis
1013 1780 1136 1829 erat
1174 1770 1482 1829 silentium.
1569 1768 1749 1842 Quod
1788 1782 2068 1852 superest,
2099 1773 2158 1831 di
2205 1789 2213 1801 ·

259 1868 492 1926 iuvent!
593 1881 647 1941 5.
691 1867 822 1927 Nos
864 1867 1055 1927 adhuc
1095 1869 1201 1927 iter
1242 1886 1348 1943 per
1391 1866 1697 1926 Graeciam
1744 1885 1975 1925 summa
2022 1887 2157 1927 cum

259 1967 642 2026 admiratione
687 1965 946 2036 fecimuS,
990 1985 1100 2025 nec
1143 1965 1473 2027 mehercule
1518 1966 1709 2025 habeo
1754 1967 1918 2043 quod
1965 1967 2157 2026 adhuc

259 2081 445 2142 quem
505 2081 777 2122 accusem
844 2082 1145 2124 meorum:
1216 2064 1481 2134 videntur
1533 2063 1676 2125 mihi
1732 2082 1909 2124 nosse
1968 2060 2152 2147 [nos,]

258 2171 526 2221 nostram
555 2178 788 2219 causam
817 2171 877 2220 et
903 2162 1315 2220 condicionem
1344 2160 1722 2247 profectionis
1765 2180 1936 2236 suae3
1982 2164 2156 2240 plane

258 2259 515 2320 serviunt
557 2258 965 2318 existimationi
1014 2276 1198 2319 meae.
1283 2256 1465 2331 Quod
1522 2271 1802 2337 superest,
1849 2262 1898 2320 si
1952 2279 2154 2320 verum

257 2356 401 2416 illud
430 2365 517 2414 est
540 2355 723 2430 οἵαπερ
755 2357 786 2426 ἦ
824 2359 1085 2428 δέσποινα,
1114 2365 1269 2416 certe
1307 2358 1773 2433 permanebunt3
1816 2359 1957 2417 nihil
1997 2359 2156 2418 enim

256 2475 295 2514 a
321 2472 417 2513 me
454 2454 575 2512 fieri
613 2455 691 2511 ita
726 2454 1018 2519 videbunt,
1048 2464 1113 2513 ut
1148 2455 1255 2513 sibi
1296 2456 1372 2514 sit
1414 2455 1787 2532 delinquendi
1819 2457 2018 2516 locus:
2063 2458 2155 2517 sin

255 2554 318 2612 id
367 2569 574 2628 parum
618 2550 916 2628 profuerit,
963 2552 1058 2610 fiet
1105 2552 1325 2629 aliquid
1372 2570 1410 2611 a
1451 2553 1623 2612 nobis
1666 2555 1953 2625 severius3
2013 2574 2152 2613 nam

150 2649 154 2655 ’
258 2649 450 2710 adhuc
503 2648 761 2707 lenitate·
792 2648 992 2708 dulces
1048 2667 1249 2708 sumus
1304 2659 1381 2722 et,
1437 2660 1501 2709 ut
1568 2670 1758 2728 spero,
1814 2652 2149 2730 proficimus

257 2749 634 2823 aliquantum.
717 2745 836 2806 Sed
877 2764 990 2822 ego
1033 2747 1201 2818 hane,
1244 2758 1308 2807 ut
1359 2749 1535 2808 Siculi
1586 2750 1801 2819 dicunt,
1844 2752 2045 2819 ἀνεεὶαν
2092 2749 2154 2806 in

255 2860 441 2904 unum
469 2862 690 2903 annum
723 2843 1032 2904 meditatus
1070 2864 1237 2906 sum:
1281 2847 1527 2922 proinde
1567 2864 1782 2922 pugna,
1813 2865 1906 2919 ne,
1936 2848 1984 2905 si
2013 2848 2155 2922 quid

256 2953 637 3020 prorogatum
676 2943 765 3013 sit,
794 2943 977 3018 turpis
1011 2943 1286 3002 inveniar.
1372 2944 1427 3003 6.
1474 2942 1651 3002 Nunc
1688 2944 1865 3003 redeo
1895 2944 1972 3003 ad
2000 2963 2152 3021 quae

256 3040 400 3099 mihi
447 3040 730 3099 mandas:
773 3038 816 3108 †
857 3040 919 3098 in
966 3040 1269 3116 praefectis
1312 3042 1610 3101 excusatio
1655 3042 1742 3114 iis,
1785 3059 1935 3119 quos
1974 3042 2150 3114 voleS,

258 3138 514 3199 deserto:
571 3154 693 3196 non
741 3154 844 3196 ero
888 3145 1008 3195 tam
1054 3142 1323 3220 μετέωρος,
1371 3156 1549 3214 quam
1596 3140 1657 3198 in
1705 3140 2003 3217 Appuleio
2049 3138 2149 3199 fui.

257 3235 573 3295 Xenonem
614 3244 735 3293 tam
775 3235 959 3312 diligo.
992 3252 1168 3312 quam
1206 3245 1285 3307 tu,
1315 3235 1478 3311 quod
1515 3237 1709 3313 ipsum
1747 3238 1954 3297 sentire
1991 3248 2148 3296 certo

258 3334 397 3392 scio,
482 3332 663 3407 Apud
699 3333 1009 3393 Patronem
1046 3345 1103 3391 et
1140 3333 1396 3409 reliquos
1431 3333 1683 3395 barones
1721 3345 1776 3394 te
1804 3336 1864 3392 in
1890 3336 2148 3396 maxima.

255 3431 440 3505 gratia
477 3430 667 3507 posui,
696 3441 754 3490 et
790 3431 1022 3491 hercule
1060 3430 1266 3491 merito
1290 3440 1410 3491 tuo
1448 3429 1557 3491 feci
1571 3450 1592 3503 3
1634 3450 1772 3491 nam
1808 3431 1949 3491 mihi
1983 3432 2033 3492 is
2058 3443 2145 3495 ter
