2642 3925
448 250 574 316 260
970 329 975 335 Ι
1006 262 1082 312 Μ.
1136 261 1377 309 TULLII
1417 248 1798 311 czcess'oms
2108 248 2245 331 [Pars
2277 247 2340 308 vg

448 405 746 492 explorate
786 413 1038 479 iudicare
1077 414 1380 471 volumus:
1425 411 1687 488 legiones
1723 411 1915 470 habeo
1944 410 2200 487 quiaque
2230 410 2342 467 sub

447 514 628 588 signis
656 521 714 570 et
749 529 865 570 -sua
904 511 1018 569 fide
1056 510 1380 586 virtuteque
1421 511 1504 568 rei
1542 510 1806 586 publicae
1836 509 2341 567 coniunctissimas

447 618 505 667 et
546 618 747 668 nostra
786 607 1122 672 liberalitate
1163 608 1334 666 nobis
1376 607 1785 681 obsequenteS,
1814 604 2168 682 provinciam
2210 620 2342 661 om·

447 705 629 763 nium.
654 706 965 770 civitatium
1007 723 1302 764 consensu
1344 704 1772 780 paratissimam
1819 712 1880 761 et
1926 720 2156 760 summa
2196 719 2344 759 con-
2405 734 2408 737 ·

448 804 706 861 tentione
762 804 839 861 ad
894 801 1085 861 Officia
1142 811 1478 873 certantem,
1537 802 1824 878 equitatus
1879 801 2342 876 auxiliorumque

453 911 638 960 tantas
658 903 886 977 copias,
917 909 1165 976 quantas
1203 900 1315 959 hae
1352 908 1557 974 gentes
1593 900 1669 957 ad
1704 898 2132 957 defendendam
2175 915 2343 957 suam

460 999 693 1057 3alutem
753 999 1191 1073 libertatemque
1234 998 1520 1056 conficere
1576 1007 1860 1073 possunt;
1922 998 2048 1073 ipse
2090 998 2170 1055 ita
2211 1015 2342 1055 sum

455 1096 652 1154 animo
694 1107 945 1173 paratus,
985 1102 1053 1153 ul
1087 1097 1178 1155 vel
1219 1096 1580 1172 provinciam
1621 1096 1768 1153 tueri
1807 1094 1897 1153 vel
1945 1096 2044 1165 ire,
2088 1113 2208 1170 quo
2246 1114 2343 1154 res

452 1193 682 1269 publica
723 1203 909 1263 vocet,
934 1194 1030 1251 vel
1066 1194 1297 1252 tradere
1336 1194 1672 1264 exercitum,
1709 1194 1920 1252 auxilia
1959 1193 2345 1270 provinciam-

452 1309 568 1366 que
623 1289 711 1348 vel
766 1308 1006 1348 omnem
1055 1292 1340 1366 impetum
1388 1290 1524 1349 belli
1579 1291 1639 1348 in
1695 1309 1792 1349 me
1840 1301 2175 1349 convertere
2222 1309 2346 1349 non

454 1408 736 1461 recusem,
767 1391 815 1448 si
848 1390 1030 1449 modo
1067 1407 1204 1448 meo
1249 1407 1390 1448 casu
1428 1400 1526 1447 aut
1563 1390 1905 1448 confirmare
1944 1391 2160 1465 patriae
2194 1391 2345 1449 salu-

456 1498 576 1545 tem
611 1497 709 1546 aut
746 1488 1066 1565 periculum
1106 1488 1331 1563 possim
1371 1488 1603 1545 morari.
1686 1501 1740 1562 7.
1787 1487 1954 1547 Haec
1997 1489 2046 1547 si
2088 1490 2202 1546 iam
2245 1508 2346 1546 ex·

457 1584 665 1660 peditis
708 1587 981 1644 omnibus
1022 1588 1193 1644 rebus
1238 1585 1666 1662 tranquilloque
1706 1595 1858 1644 statu
1898 1587 2138 1645 civitatis
2181 1586 2350 1662 polli-

457 1700 611 1748 ceor,
642 1683 702 1739 in
730 1682 948 1740 damno
977 1702 1144 1741 meae
1176 1683 1365 1742 laudis
1407 1683 1489 1740 rei
1525 1682 1790 1759 publicae
1827 1684 2146 1743 commodo
2174 1686 2349 1743 laeta-

459 1780 597 1850 bor3
650 1780 741 1838 sin
790 1780 867 1838 ad
922 1781 1259 1839 societatem
1309 1780 1811 1856 integerrimorum
1857 1773 1918 1840 et
1959 1784 2349 1841 maximorum

459 1877 847 1954 periculorum
897 1878 1191 1950 accedam,
1235 1878 1479 1937 consilia
1518 1898 1654 1937 mea
1694 1881 1894 1955 aequis
1946 1880 2232 1938 iudicibus
2274 1880 2350 1937 ab

462 1978 881 2036 obtrectatione
937 1977 1266 2036 invidorum
1324 1978 1691 2038 defendenda
1745 1980 2116 2037 commendo.
2200 1978 2350 2036 Mihi

399 2091 404 2095 ’
463 2074 701 2149 quidem
743 2076 856 2152 ipsi
904 2075 1126 2134 fructus
1173 2077 1515 2135 meritorum
1555 2094 1820 2134 meorum
1860 2077 1922 2134 in
1963 2077 2045 2134 rei
2086 2077 2352 2153 publicae

410 2190 417 2197 ·
464 2173 858 2232 incolumitate
914 2176 1051 2234 satis
1108 2192 1357 2251 magnus
1412 2184 1501 2233 est
1550 2185 1829 2252 paratus;
1901 2192 2004 2234 eos
2051 2191 2207 2246 vero,
2254 2176 2353 2253 qui

464 2287 658 2326 meam
694 2273 1094 2330 auctoritatem
1135 2282 1194 2330 et
1217 2272 1421 2330 ‚multo
1460 2272 1648 2346 magis
1686 2282 1934 2331 vestram
1962 2273 2140 2331 fidem
2173 2275 2354 2332 secuti

466 2384 577 2424 nec
617 2366 754 2424 ulla-
775 2385 879 2443 spe
921 2369 1107 2444 decipi
1148 2387 1259 2429 nec
1301 2370 1420 2428 ullo
1462 2380 1623 2427 metu
1661 2370 1860 2427 terreri
1914 2380 2245 2446 potuerunt,
2293 2380 2356 2428 ut

470 2465 914 2523 commendatos
943 2467 1108 2524 vobis
1131 2467 1414 2537 habeatis,
1441 2468 1765 2543 petendum
1792 2468 2032 2527 videtur.

856 2624 988 2687 133,
1069 2621 1185 2682 AD
1226 2622 1731 2685 FAMILIARES
1773 2624 1850 2683 X.
1900 2643 1990 2683 10.

699 2736 837 2801 Sex.
879 2737 1118 2798 Romu
1137 2756 1222 2801 111.
1266 2737 1423 2803 ΚΑΙ..
1464 2740 1722 2799 Amas
1761 2759 1930 2803 amc.
1976 2754 2114 2817 711.

1168 2863 1379 2905 menno
1421 2864 1661 2906 PLANCO.

559 2973 615 3014 1.
654 2953 801 3013 E‘rsr
848 2954 985 3013 sat-is
1034 2973 1108 3015 ex
1155 2954 1376 3013 Furnio
1420 2966 1623 3014 nostro
1665 2975 2008 3032 cognoram,
2058 2977 2210 3035 quae
2261 2969 2364 3018 tua

478 3053 761 3124 voluntas,
790 3052 954 3128 quod
995 3053 1302 3111 consilium
1346 3053 1420 3112 de
1452 3073 1515 3112 re
1553 3054 1783 3130 publica
1814 3067 1984 3127 esset,
2013 3066 2209 3115 tamen
2250 3059 2364 3116 tuis

476 3145 676 3204 litteris
718 3144 879 3203 lectis
915 3146 1188 3220 liquidius
1217 3146 1291 3205 de
1329 3157 1454 3206 toto
1489 3165 1665 3207 sensu
1690 3159 1792 3207 tuo
1820 3149 2082 3209 iudicavi.
2162 3149 2366 3222 Quam

476 3244 559 3302 ob
613 3261 752 3313 rem,
803 3261 1156 3320 quamquam
1205 3246 1266 3302 in
1310 3263 1431 3303 uno
1480 3246 1701 3321 proelio
1755 3248 1947 3305 omnis
2001 3246 2231 3306 fortuna
2283 3249 2367 3307 rei

478 3340 745 3415 publicae
788 3340 1313 3418 disceptat—quod
1350 3342 1602 3419 quidem,
1632 3361 1767 3400 cum
1799 3342 1945 3402 haec
1981 3343 2223 3419 legeres,
2251 3345 2368 3404 iam

482 3431 779 3491 decretum
806 3434 1121 3492 arbitrabar
1147 3434 1372 3503 fore—,
1401 3445 1598 3495 tamen
1635 3437 1762 3514 ipsa
1788 3436 1959 3509 fama,
1987 3455 2138 3514 quae
2167 3437 2243 3498 de
2270 3446 2370 3498 tua
