2642 3925
342 266 378 316 ο,
444 252 597 339 :2:33
635 251 713 337 ³23
740 247 938 330 ,σχῇς
978 239 1112 327 {Aa}
1139 235 1375 335 zzz-Lux·
1417 248 1792 298 CICERONIS
2142 236 2274 319 [Pars
2304 252 2345 301 1.

396 393 413 408 ⁶
447 385 712 483 'p'ett'nits
743 376 962 466 C⁶aesa⁶r
981 378 1000 395 ⁸
1021 414 1212 465 certus
1277 415 1528 482 putatur.
1608 405 1900 467 Thermus
1958 424 2117 467 cum.
2149 406 2348 466 Silano

468 502 820 564 contendere
873 503 1239 575 existimatur,
1289 503 1392 580 qui
1435 505 1519 564 sic
1564 504 1774 582 inopes
1828 515 1886 564 et
1929 506 2006 564 ab
2048 505 2250 565 amicis
2291 515 2349 565 et

467 602 540 661 ab
565 600 985 660 existimatione
1025 610 1177 671 sunt,
1205 611 1268 660 ut
1307 601 1455 659 mihi
1493 602 1752 661 videatur
1788 620 1911 663 non
1938 622 2069 662 esse
2106 604 2351 676 ἀδῦνᾳτου

469 699 712 759 Curium
743 698 1054 780 obducere.
1135 698 1253 758 Sed
1291 699 1407 759 hoc
1446 711 1675 776 praeter
1713 719 1809 760 me
1849 701 2068 760 nemini
2107 701 2348 760 videtur.

470 797 701 857 Nostris
740 797 1062 856 rationibus
1102 798 1357 856 maxime
1396 797 1726 860 conducere
1767 799 1989 857 videtur
2023 798 2350 870 Thermum

471 896 594 953 fieri
647 913 783 954 cum
840 893 1134 967 Caesare:
1176 912 1356 953 nemo
1408 905 1497 954 est
1550 898 1710 953 enim
1766 914 1839 954 ex
1894 896 1983 966 iis,
2038 897 2138 972 qui
2191 911 2348 955 nunc

469 1001 691 1068 petunt,
732 992 850 1068 qui,
891 991 940 1052 si
981 991 1041 1050 in
1081 1003 1345 1051 nostrum
1386 1009 1605 1050 annum
1646 993 1926 1063 reciderit,
1955 993 2173 1052 firmior
2212 1011 2351 1052 can·

472 1090 701 1149 didatus
749 1088 871 1148 fore
915 1081 1187 1160 videatur,
1230 1098 1539 1165 propterea
1585 1090 1748 1167 quod
1801 1101 2030 1150 curator
2084 1101 2171 1150 est
2224 1092 2351 1149 viae

471 1186 807 1276 Flaminiae,
853 1186 892 1247 ‘l'
910 1205 1062 1263 quae
1114 1206 1250 1247 curn
1304 1189 1412 1247 erit
1477 1188 1744 1247 absoluta
1798 1205 1939 1247 sane
1993 1182 2184 1247 facile‘
2215 1206 2351 1248 eum

473 1286 715 1345 libenter
752 1304 911 1345 nunc
952 1287 1125 1346 ceteri
1165 1285 1391 1346 consuli
1434 1287 1761 1347 acciderim.
1842 1287 2161 1347 Petitorum
2206 1289 2352 1348 haec

476 1394 566 1443 est
618 1383 807 1442 adhuc
859 1383 1171 1444 informata
1221 1384 1516 1460 cogitatio.
1597 1383 1729 1444 Nos
1780 1385 1842 1443 in
1894 1386 2070 1460 omni*
2113 1404 2354 1445 munere

476 1481 879 1550 candidatorio
909 1480 1208 1558 fungendo
1245 1498 1535 1540 summam
1567 1481 1986 1545 adhibebimus,
1999 1482 2355 1559 diligentiam

475 1588 537 1638 et
575 1577 836 1649 fortasse,
875 1579 1154 1654 quoniam
1192 1577 1417 1638 videtur
1458 1578 1519 1636 in
1560 1578 1846 1654 suffragiis
1892 1579 2137 1637 multum
2177 1597 2356 1655 posse

478 1676 683 1749 Gallia,
711 1694 846 1738 cum
874 1674 1103 1738 Romae
1131 1693 1167 1736 a
1192 1675 1417 1734 iudiciis
1442 1675 1631 1734 forum
1659 1676 1953 1748 refrixerit,
1983 1695 2356 1736 excurremus

475 1792 679 1858 mense
721 1772 1046 1849 Septembri
1087 1771 1260 1854 legati
1300 1771 1378 1830 ad
1418 1772 1710 1844 Pisonem,
1751 1783 1816 1833 ut
1857 1773 2131 1834 Ianuario
2167 1793 2358 1850 rever-

475 1882 701 1954 tamur:
742 1888 878 1936 cum
914 1888 1271 1954 perspexero
1303 1871 1628 1930 voluntates
1663 1872 1961 1949 nobilium,
1990 1873 2240 1931 scribam
2281 1873 2370 1931 ad-

477 1981 551 2028 te.
635 1968 845 2029 Cetera
898 1987 1071 2047 spero
1134 1968 1362 2047 prolixa
1414 1986 1561 2041 esse,
1618 1969 1709 2028 his
1766 1970 2067 2029 dumtaxat
2122 1972 2361 2029 urbanis

479 2068 966 2143 competitoribus.
1048 2066 1215 2126 Illam
1257 2085 1500 2128 manum
1527 2077 1591 2126 tu
1628 2067 1773 2126 mihi
1813 2086 1953 2126 cura
1992 2077 2056 2126 ut
2081 2079 2359 2145 praestes

479 2166 756 2241 quoniam
798 2165 1038 2241 propius
1076 2166 1237 2235 abes,
1276 2163 1564 2240 Pompeii,
1599 2166 1783 2225 nostri
1824 2167 2029 2224 amici:
2070 2183 2226 2242 nega
2265 2183 2362 2224 me

480 2265 536 2322 ei
561 2265 770 2321 iratum
797 2261 942 2328 sore.
970 2263 1018 2322 si
1044 2262 1121 2321 ad
1157 2280 1292 2321 mea
1317 2264 1554 2322 comitia
1585 2282 1708 2322 non
1749 2265 1986 2323 venerit.
2070 2284 2125 2340 3.
2165 2263 2376 2340 Atque.

481 2360 626 2420 haee
666 2359 838 2419 huius
878 2359 1043 2418 modi
1090 2368 1240 2417 sunt.
1328 2358 1445 2418 Sed
1490 2369 1581 2417 est
1620 2361 1783 2436 quod
1830 2362 1936 2420 abs
1984 2371 2042 2419 te
2082 2362 2225 2420 mihi
2275 2363 2362 2438 ig-

482 2457 651 2516 nosci
697 2455 1010 2532 pervelim:
1072 2454 1378 2526 Caecilius,
1426 2457 1743 2516 avunculus
1791 2466 1944 2527 tuuS,
1993 2476 2030 2516 a
2075 2458 2139 2517 P.
2183 2459 2363 2518 Vario

484 2572 620 2613 cum
660 2571 878 2630 magna
915 2554 1166 2632 pecunia
1199 2552 1573 2626 fraudaretur,
1614 2572 1788 2631 agere
1829 2556 2024 2631 coepit
2062 2573 2198 2616 cum
2240 2558 2366 2616 eius

485 2652 656 2711 fratre
696 2651 768 2709 A.
798 2648 1050 2710 Caninio
1092 2649 1320 2739 'Satyro
1365 2651 1444 2710 de
1497 2652 1571 2710 iis
1610 2653 1800 2731 rebus,
1850 2670 1998 2728 quas
2046 2671 2181 2712 eum
2227 2653 2366 2712 dolo

483 2749 640 2811 malo
670 2748 972 2835 mancipio
1008 2748 1303 2824 accepisse
1320 2747 1415 2825 ,de
1440 2747 1641 2819 Vario
1670 2749 1883 2809 diceret
1897 2769 1915 2821 ;
1957 2769 2075 2809 una
2115 2751 2368 2827 agebant

487 2830 664 2907 ceteri
696 2847 1027 2918 creditores,
1054 2846 1117 2903 in
1153 2845 1374 2927 quibus
1402 2856 1524 2904 erat
1562 2844 1640 2905 L.
1669 2844 1944 2920 Lucullus
1983 2856 2041 2910 et
2073 2846 2135 2905 P.
2170 2846 2368 2923 Scipio

487 2952 547 3002 et
583 2943 651 3014 is,
691 2958 870 3017 quem
910 2940 1193 3018 putabant
1235 2939 1578 3015 magistrum
1624 2940 1766 3011 fore,
1809 2941 1859 3018 si
1896 2941 2056 2999 bona
2094 2941 2371 3011 venirent,

488 3040 559 3100 L.
586 3038 849 3098 Pontius.
902 3021 907 3026 ’
945 3020 1169 3097 Verum
1240 3038 1357 3097 hoc
1410 3037 1716 3097 ridiculum
1774 3048 1872 3118 ,est
1928 3038 2003 3097 de
2072 3030 2371 3113 magistfo.

491 3140 669 3209 Nunc
703 3156 1000 3214 cognosce
1031 3156 1177 3198 rem.
1249 3136 1511 3216 ‚Rogavit
1545 3157 1646 3197 me
1678 3137 1983 3208 CaeciliuS,
2008 3147 2073 3196 ut
2106 3138 2375 3196 adessem

492 3249 698 3299 contra
748 3237 1051 3314 Satyrum:
1103 3237 1228 3296 dies
1275 3237 1396 3296 fere
1443 3237 1634 3296 nullus
1673 3248 1762 3296 est
1809 3237 1952 3313 quin
1999 3236 2100 3305 hic,
2137 3235 2376 3313 Satyrus

495 3337 739 3401 domum
777 3354 974 3394 meam
1013 3336 1280 3408 ventitet;
1330 3335 1599 3394 observat
1638 3334 1713 3393 L.
1736 3334 2063 3393 Domitium
2102 3334 2375 3407 maxime,

495 3452 592 3494 me
645 3435 821 3494 habet
849 3434 1204 3513 'proximum
1221 3451 1261 3507 ;⁴
1294 3432 1403 3493 fuit
1450 3443 1507 3492 et
1549 3431 1694 3491 mihi
1734 3442 1794 3492 et
1841 3430 1919 3505 Q.
1947 3431 2105 3492 fratri
2157 3448 2381 3510 magno
