2642 3925
467 275 591 345 152
885 316 893 328 .
1001 278 1081 328 M.
1133 279 1376 327 TULLII
1414 280 1624 329 crem
1633 279 1801 331 oms
2090 270 2227 357 [pm
2258 279 2347 334 nr.

458 429 758 490 hominem
799 451 940 493 xmr.
959 436 962 439 ’
982 433 1124 494 Kal.
1166 436 1336 495 Febr.
1377 436 1623 513 plenum
1664 435 2023 497 formidinis:
2074 440 2173 499 illo
2215 441 2346 517 ipso

458 529 553 588 die
591 532 781 603 sensi,
828 532 970 608 quid
1024 543 1260 608 ageret-3
1302 551 1627 611 numquam
1672 536 1815 593 mihi
1864 548 2071 613 postea
2114 539 2345 614 placuit,

458 646 568 686 nec
594 645 875 706 umquam
911 630 1066 690 aliud
1093 650 1166 689 ex
1195 631 1325 690 alio‘
1341 650 1588 708 peccare
1618 634 1850 693 destitit.
1933 634 2089 693 Nihil
2117 637 2345 695 interim

458 725 534 783 ad
560 728 949 798 me'scribere,
978 728 1118 784 nihil
1150 729 1262 787 nisi
1294 727 1494 805 fugam
1526 732 1801 805 cogitare.
1884 731 2047 803 Quid
2073 735 2346 807 quaeris?

457 823 603 881 sicut
652 825 707 879 ἐν
745 828 853 882 τοῖς
895 828 1150 898 ἐρωτικοῖς
1194 826 1446 884 alienant
1490 826 1842 899 immundae,
1872 829 2142 900 insulsae,
2182 831 2345 889 inde-

454 938 647 991 corae,
703 921 787 981 sic
840 939 939 979 me
991 921 1140 980 illius
1205 921 1380 998 fugae
1432 924 1954 1001 neglegentiaeque
2009 927 2343 987 deformitas

456 1017 655 1076 avertit
681 1018 756 1075 ab
786 1036 983 1077 amore
999 1037 1017 1091 ;
1060 1018 1199 1078 nihil
1236 1021 1393 1079 enim
1422 1022 1665 1096 dignum
1692 1021 1958 1094 faciebat,
1988 1042 2105 1100 qua
2132 1044 2192 1083 re
2220 1026 2343 1085 eius

457 1115 628 1191 fugae
681 1117 957 1175 comitem
1009 1135 1107 1177 me
1160 1118 1555 1195 adiungerem.
1640 1119 1815 1179 Nunc
1862 1123 2106 1197 emergit
2159 1142 2342 1193 amor,

456 1230 613 1272 nunc
643 1214 988 1273 desiderium
1016 1214 1164 1273 ferre
1193 1234 1317 1274 non
1346 1234 1606 1295 possum,
1636 1235 1797 1275 nunc
1833 1218 1977 1275 mihi
2016 1220 2157 1278 nihil
2198 1221 2342 1292 libri,

454 1311 596 1370 nihil
635 1312 869 1382 litterae,
912 1309 1051 1371 nihil
1095 1313 1358 1372 doctrina
1398 1314 1674 1390 prodest:
1736 1315 1816 1373 ita
1861 1315 1987 1374 dies
2034 1326 2093 1375 et
2138 1328 2343 1376 noctes

455 1417 752 1484 tamquam
782 1409 899 1468 avis
929 1410 1036 1481 illa,
1066 1429 1225 1469 mare
1265 1421 1597 1488 prospect0,
1627 1412 1855 1470 evolare
1883 1413 2093 1489 cupio-3
2135 1411 2232 1484 do,
2262 1414 2341 1473 do

455 1523 678 1581 poenas
718 1507 1049 1566 temeritatis
1092 1525 1274 1578 meae.
1357 1508 1482 1566 Etsi
1525 1526 1676 1583 quae
1718 1508 1825 1566 fuit
1865 1510 1961 1567 illa
2009 1512 2339 1570 temeritas?

455 1605 596 1679 quid
638 1604 749 1662 feci
789 1623 912 1663 non
955 1605 1477 1665 consideratissime
1495 1607 1523 1664 ἓ
1607 1605 1668 1663 Si
1712 1607 1868 1664 enim
1924 1607 2080 1665 nihil·
2116 1620 2342 1684 praeter

455 1704 654 1781 fugam
682 1714 1064 1782 quaereretur,
1099 1705 1380 1781 fugissem
1415 1704 1809 1776 libentissime,
1839 1706 1942 1764 sed
1980 1725 2169 1782 genus
2205 1708 2339 1766 belli

456 1803 830 1862 crudelissimi
884 1812 944 1862 et
995 1802 1250 1873 maximi,
1305 1802 1469 1877 quod
1517 1804 1780 1860 nondum
1824 1803 2027 1862 vident
2073 1805 2339 1863 homines

458 1900 628 1978 quale
675 1897 930 1959 futurum
975 1901 1064 1972 sit,
1113 1899 1431 1976 perhorrui.
1517 1897 1690 1970 Quae
1733 1900 1925 1958 minae
1972 1894 2337 1979 municipiis!

455 2013 608 2076 quae
644 1999 988 2058 nominatim
1031 1998 1164 2057 viris
1201 1997 1407 2056 bonis!
1450 2015 1601 2072 quae
1636 1998 1885 2073 denique
1922 2000 2212 2072 omnibus,
2240 1999 2339 2077 qui

455 2098 897 2156 remansissent!
940 2113 1115 2172 quam
1160 2096 1365 2153 crebro
1405 2094 1543 2152 illud
1582 2100 1597 2126 ‘
1618 2094 1776 2152 Sulla
1813 2097 2016 2171 potuit,
2059 2116 2173 2174 ego
2218 2117 2337 2157 non

453 2205 660 2271 potero
682 2195 704 2252 ?
723 2192 738 2219 ⁹
823 2212 876 2266 3.
923 2193 1069 2250 Mihi
1108 2204 1302 2251 autem
1344 2192 1655 2251 haeserunt
1707 2193 1840 2250 illa:
1895 2194 2045 2252 male
2088 2195 2338 2271 Tarqui·

453 2292 605 2362 nius,
657 2288 757 2366 qui
828 2290 1164 2362 Porsenam,
1221 2290 1320 2366 qui
1381 2289 1685 2348 Octavium
1756 2286 2082 2350 Mamilium
2138 2303 2338 2352 contra

453 2389 718 2467 patriam,
746 2388 920 2465 impie
961 2386 1325 2456 CoriolanuS,
1353 2389 1459 2461 qui
1490 2387 1763 2445 auxilium
1805 2389 1968 2464 petiit
2008 2404 2045 2447 a
2090 2389 2338 2465 VolsciS,

451 2497 606 2545 recte
658 2485 1100 2567 ThemistocleS,
1144 2486 1243 2561 qui
1296 2486 1444 2543 mori
1500 2486 1714 2557 maluit,
1757 2486 2009 2545 nefarius
2066 2487 2335 2565 HippiaS,

451 2585 730 2644 Pisistrati
785 2584 949 2655 filius,
1000 2584 1099 2660 qui
1147 2584 1209 2640 in
1259 2582 1627 2642 Marathonia
1672 2586 1873 2659 pugna
1915 2585 2125 2644 cecidit
2178 2605 2338 2647 arma

452 2676 658 2743 contra
699 2682 942 2758 patriam
988 2679 1194 2739 ferens,
1277 2681 1359 2739 At
1415 2679 1587 2752 Sulla,
1637 2690 1695 2739 at
1751 2681 1989 2753 Marius,
2039 2692 2099 2740 at
2147 2683 2338 2745 Cinna
2413 2750 2420 2758 ,

449 2791 621 2840 recte.
707 2780 901 2838 Immo
956 2780 1079 2837 iure
1128 2774 1410 2850 fortasse3
1483 2779 1587 2837 sed
1637 2778 1783 2854 quid
1836 2797 2040 2837 eorum
2096 2779 2338 2839 victoria

451 2879 776 2939 crudelius?
819 2878 960 2954 quid
996 2875 1320 2935 funestius?
1364 2875 1572 2934 Huius·
1599 2876 1731 2934 belli
1768 2894 1955 2951 genus
2000 2876 2140 2951 fugi,
2168 2888 2227 2936 et
2262 2897 2336 2937 eo

450 2978 658 3052 magis,
687 2976 849 3053 quod
876 2975 1197 3034 crudeliora
1230 2975 1407 3033 etiam
1443 2974 1684 3049 cogitari
1722 2982 1779 3031 et
1819 2975 2006 3049 parari
2047 2974 2335 3033 videbam.

450 3073 573 3144 Me,
622 3091 799 3150 quem
854 3089 978 3131 non
1026 3072 1165 3129 nulli
1184 3062 1188 3067 ’
1210 3082 1681 3131 conservatorem
1722 3071 1884 3129 istius
1930 3071 2107 3142 urbis,
2158 3091 2335 3148 quem

450 3179 752 3248 parentem
820 3187 949 3227 esse
1005 3168 1291 3240 dixerunt,
1348 3166 1627 3226 Getarum
1694 3177 1752 3226 et
1812 3168 2219 3226 Armeniorum
2277 3180 2337 3228 et

453 3267 809 3327 Colchorum
853 3266 1052 3341 copias
1098 3265 1175 3322 ad
1218 3281 1354 3322 eam
1402 3264 1727 3323 adducere?
1790 3284 1885 3323 me
1928 3266 2073 3323 meis
2118 3266 2336 3326 civibus

455 3365 690 3436 famem,
731 3364 1049 3422 vastitatem
1091 3362 1298 3422 inferre
1339 3361 1579 3421 Italiae?
1626 3361 1783 3421 hunc
1825 3362 2074 3439 primum
2116 3373 2336 3422 morta·

457 3465 572 3525 lem
628 3480 771 3533 esse,
829 3461 1039 3520 deinde
1093 3461 1268 3519 etiam
1298 3461 1516 3522 „multis
1568 3461 1761 3518 modis
1814 3478 1992 3539 posse
2044 3463 2335 3540 exstingui
