2642 3925
401 252 433 304 1
449 252 530 302 10
955 247 1037 300 Μ.
1087 246 1328 297 TULLII
1368 243 1745 295 CICERONIS
2055 213 2194 317 [Pais
2222 244 2289 296 11.

855 485 952 541 38.
1035 481 1151 541 AD
1190 480 1583 546 ATTICUM
1625 480 1734 542 VI.
1779 497 1836 541 a.

521 596 654 659 Seu.
697 594 1039 656 Laomcim:
1079 614 1337 655 mmmm
1376 612 1567 655 msa
1606 593 1779 654 Maro
1821 610 1988 654 A.u.c.
2032 606 2170 668 704.

1035 719 1242 762 crcERo
1281 720 1494 762 A‘rrrco
1535 718 1664 761 SAL.
2009 707 2015 712 ’

487 835 535 877 r.
582 817 723 879 Cum
741 818 1105 892 Philogenes,
1135 816 1370 873 libertus
1387 826 1537 886 tune,
1557 814 1915 875 Laodiceam
1932 814 2010 875 ad
2024 833 2122 875 me
2137 814 2288 875 salu-

398 915 561 974 tandi
601 933 778 974 causa
815 915 1066 973 venisset
1104 922 1161 972 et
1198 931 1262 971 se
1284 913 1479 971 statim
1516 911 1592 971 ad
1629 920 1698 972 te,
1720 913 2124 989 navigaturum
2161 929 2293 972 esse

401 1013 634 1082 diceret,
662 1010 771 1070 has
811 1011 866 1069 ei
907 1010 1121 1069 litteras
1148 1008 1298 1079 dedi,
1330 1008 1539 1084 quibus
1581 1008 1659 1068 ad
1686 1027 1788 1068 eas
1828 1010 2113 1090 rescripsi,
2143 1027 2292 1085 quas

399 1126 743 1184 acceperam
797 1126 835 1167 a
881 1106 1045 1167 Bruti
1098 1107 1434 1179 tabellari03
1496 1116 1555 1166 et
1608 1106 1983 1182 respondebo
2036 1092 2293 1182 primum

399 1216 729 1281 postremae
756 1213 889 1261 tuae
917 1203 1184 1278 paginae,
1213 1221 1365 1280 quae
1392 1202 1535 1264 mihi
1561 1220 1812 1280 magnae
1840 1203 2140 1274 molestiae
2169 1202 2292 1274 fuit,

402 1302 563 1379 quod
600 1302 676 1360 ad
714 1312 774 1361 te
816 1301 1095 1377 scriptum
1135 1311 1224 1359 est
1263 1319 1302 1359 a
1340 1300 1549 1360 Cincio
1591 1300 1666 1359 de
1710 1299 1875 1358 Statii
1915 1317 2203 1373 sermone,
2230 1284 2300 1359 in¹

401 1418 520 1476 quo
550 1399 665 1458 hoc
699 1398 1174 1456 molestissimum
1211 1407 1316 1468 est,
1355 1397 1601 1457 Statium
1641 1397 1834 1457 dicere
1862 1416 1899 1456 a
1924 1415 2021 1457 me
2057 1414 2295 1475 quoque

401 1497 464 1556 id
490 1496 798 1556 consilium
827 1496 1076 1571 probari.
1156 1494 1423 1554 Probarz'
1455 1496 1696 1556 autem?
1739 1497 1812 1555 de
1844 1496 1956 1555 isto
1990 1496 2289 1556 hactenus.

401 1595 663 1654 Dixerim
701 1611 797 1652 me
837 1593 927 1650 vel
968 1592 1217 1669 plurima
1251 1594 1441 1652 vincla
1479 1604 1677 1653 tecum
1711 1611 1976 1652 summae
2016 1594 2295 1653 coniunc-

402 1693 578 1751 tionis
606 1701 826 1767 optare,
855 1691 962 1748 etsi
991 1700 1122 1749 sunt
1159 1692 1375 1751 amoris
1403 1692 1725 1763 artissima;
1768 1701 1993 1749 tantum
2022 1691 2200 1764 abest,
2229 1701 2294 1756 ut

403 1808 517 1866 ego
557 1792 632 1848 e'x
673 1805 765 1860 eo,
802 1806 924 1864 quo
965 1789 1181 1847 astricti
1221 1807 1442 1861 sumuS,
1485 1789 1665 1847 laxari
1707 1788 1923 1865 aliquid
1962 1789 2151 1849 velim.
2239 1809 2295 1850 2.

400 1877 574 1946 Illum
629 1895 825 1947 autem
864 1885 1048 1944 multa
1086 1885 1162 1944 de
1200 1886 1328 1945 istis
1370 1885 1544 1945 rebus
1586 1886 1844 1964 asperius
1899 1885 2086 1944 solere
2133 1886 2295 1962 loqui

402 2004 577 2062 saepe
605 2003 737 2044 sum
762 1994 1052 2060 expertus,
1081 2002 1257 2061 saepe
1286 1986 1461 2044 etiam
1488 1984 1658 2043 lenivi
1685 1984 1896 2042 iratum
1923 2005 1936 2042 ε
1980 1983 2043 2042 id
2072 1985 2218 2044 scire
2236 1996 2294 2044 te

404 2084 682 2154 arbitror;
739 2083 804 2139 in
849 2082 961 2140 hac
1007 2091 1202 2141 autem
1248 2081 1715 2159 peregrinatione
1770 2081 2037 2140 militiave
2094 2091 2297 2141 nostra

407 2198 583 2255 saepe
645 2180 952 2237 incensum
1018 2179 1104 2236 ira
1156 2178 1293 2250 vidi,
1350 2197 1526 2255 saepe
1580 2178 1889 2254 placatum.
2004 2177 2164 2251 Quid
2218 2180 2296 2240 ad

409 2276 654 2334 Statium
701 2274 1008 2349 scripserit,
1053 2275 1292 2333 nescioz
1352 2275 1631 2353 quicquid
1684 2284 1915 2334 acturus
1965 2275 2041 2334 de
2088 2275 2189 2334 tali
2230 2293 2296 2334 re

405 2374 529 2443 fuit,
548 2371 917 2431 scribendum
945 2380 1142 2429 tamen
1170 2371 1247 2430 ad
1274 2371 1540 2430 libertum
1569 2389 1694 2430 non
1720 2372 1841 2432 fuit.
1924 2372 2073 2431 Mihi
2100 2383 2295 2432 autem

406 2471 511 2529 erit
550 2468 840 2527 maximae
881 2485 1071 2539 curae,
1113 2485 1190 2526 ne
1229 2467 1373 2544 quid
1420 2468 1523 2528 fiat
1568 2487 1755 2540 secuS‚
1806 2487 1985 2545 quam
2027 2469 2295 2527 volumus

407 2586 701 2646 quamque
728 2576 991 2643 oportet;
1034 2585 1145 2625 nec
1172 2569 1310 2627 satis
1350 2578 1440 2627 est
1475 2569 1539 2626 in
1567 2569 1691 2627 eius
1718 2568 1882 2626 modi
1908 2586 1971 2626 re
1999 2585 2063 2626 se
2092 2583 2296 2642 quem·

404 2686 521 2744 que
547 2676 854 2743 praestare,
883 2648 953 2725 ac
981 2666 1272 2724 maximae
1309 2676 1505 2742 partes
1548 2665 1711 2724 istius
1751 2665 1927 2724 officii
1964 2675 2098 2723 sunt
2131 2666 2297 2740 pueri

405 2765 708 2825 Ciceronis
734 2764 852 2823 sive
879 2763 997 2847 iam
1026 2763 1447 2836 adulescentis;
1487 2763 1650 2839 quod
1677 2763 1917 2840 quidem
1941 2762 2103 2823 illurn
2130 2762 2295 2822 soleo

407 2863 638 2923 hortari.
723 2861 815 2920 Ac
849 2860 992 2918 mihi
1025 2860 1247 2919 videtur
1282 2871 1531 2919 matrem
1569 2860 1751 2930 valde,
1778 2871 1845 2919 ut
1880 2861 2070 2932 debet,
2099 2879 2297 2921 amare

408 2970 581 3035 teque
635 2959 891 3018 mirifice.
977 2956 1097 3017 Sed
1148 2967 1236 3017 est
1279 2974 1562 3033 magnum
1607 2957 1749 3016 illud
1794 2957 2050 3033 quidem,
2094 2975 2296 3017 verum

407 3068 605 3116 tamen
647 3055 944 3132 multiplex
1001 3056 1164 3131 pueri
1206 3055 1525 3130 ingenium,
1580 3055 1645 3111 in
1696 3072 1819 3130 quo
1873 3072 1988 3131 ego
2034 3054 2296 3130 regendo

404 3155 594 3215 habeo
611 3155 830 3231 negotii
858 3154 1014 3213 satis,
1078 3172 1135 3227 3.
1178 3153 1478 3225 Quoniam
1497 3154 1774 3229 respondi
1799 3162 2129 3230 postremae
2157 3161 2303 3213 tuae'

407 3255 657 3332 paginae
711 3254 901 3330 prima
956 3270 1107 3322 mea,
1163 3254 1324 3310 n'unc
1377 3251 1455 3310 ad
1509 3252 1759 3326 primam
1815 3261 2064 3311 revertar
2117 3261 2293 3311 tuam.

406 3350 868 3427 Peloponnesias
919 3350 1174 3410 civitates
1221 3368 1430 3409 omnes
1481 3348 1804 3409 maritimas
1847 3366 1996 3420 esse,
2041 3349 2295 3409 hominis

407 3465 531 3506 non
576 3415 1000 3523 nequam‚2ed
1046 3449 1222 3507 etiam
1263 3457 1367 3508 tuo
1408 3448 1622 3508 iudicio
1663 3448 1910 3527 probati,
1950 3447 2296 3507 Dicaearchi
